3034 4900
344 1454 393 1505 ux
409 1453 492 1507 11²s0
509 1451 703 1507 unumne
723 1412 951 1502 porussorum
971 1444 1186 1509 uuuuounn,

557 1756 562 1765 ὑ
665 1663 865 1726 AUCTORE

477 1863 723 1941 MATTH.
766 1858 1055 1937 RADERO·

578 2159 952 2202 *unauna-unffi

214 2400 283 2490 Μ.
307 2425 404 2493 Vin.
428 2426 664 2508 Maenianis,
690 2435 787 2515 patre
811 2426 989 2505 Frontone,
1011 2429 1118 2489 matre
1141 2419 1316 2499 Flaccilla,

182 2529 331 2610 ‚Bilbili
359 2531 396 2595 in
426 2530 620 2612 Celtiberia,
651 2532 787 2599 Claudii
822 2532 913 2613 Imp.
944 2546 1030 2593 anno
1055 2531 1318 2611 praeterpropter

211 2630 330 2715 primo,
344 2629 471 2698 Christi
487 2649 599 2698 xuni.
621 2653 813 2720 quanquam
834 2633 898 2697 hoc
920 2652 964 2697 ex
987 2617 1182 2714 conjectura
1196 2623 1316 2708 magis,

213 2751 316 2814 quam
337 2731 485 2813 ἀποδείξει,
507 2739 617 2814 natus,
641 2733 918 2817 calagurritanus
939 2732 1004 2798 fuit
1025 2732 1189 2807 alumnus,
1212 2746 1317 2811 quam

212 2835 376 2900 obscurus
401 2835 565 2920 majorum
592 2837 777 2914 nataliono,
806 2841 876 2901 tam
906 2835 1015 2901 clarus
1045 2831 1172 2916 ingenii
1199 2847 1317 2894 monu-

213 2936 344 3022 mentis.
383 2938 437 3004 De
451 2938 640 3004 nominibus
655 2937 775 3005 Poc'tae
791 2944 923 3003 constat
939 2958 983 3004 ex
998 2936 1145 3002 omnium
1159 2931 1319 2998 codicum

197 3035 290 3117 lida,
317 3039 376 3121 qui
406 3037 458 3104 M.
480 3038 656 3105 Valerium
685 3039 879 3106 Martialem
901 3039 1101 3125 praeferunt:
1127 3055 1215 3121 quae,
1237 3053 1317 3100 num

110 3137 112 3140 ’
212 3137 286 3221 ipse
314 3139 380 3204 sibi
403 3139 573 3218 asciverit,
600 3160 645 3205 au
669 3160 690 3206 a
714 3143 911 3228 parentibus
936 3139 1179 3226 acceperit,in
1201 3136 1317 3202 medio

211 3239 372 3324 relinquo.
416 3239 620 3325 Quanquam
646 3242 757 3310 Marci
781 3249 817 3309 et
838 3244 972 3309 Valerii
999 3242 1156 3307 Romana
1182 3238 1317 3304 nomina

212 3339 333 3408 Romae
359 3342 502 3427 primum
524 3350 675 3410 assumta
691 3344 825 3430 judico.
869 3343 987 3412 Civem
1011 3343 1100 3408 enim
1124 3341 1317 3407 Romanum

210 3442 316 3508 fuisse
330 3445 442 3510 nullus
456 3445 584 3530 dubito,
600 3467 678 3512 oum
693 3449 770 3515 aliis
785 3450 862 3533 ipse
882 3447 1055 3513 civitatem
1069 3442 1265 3529 impetrarit,
1278 3447 1317 3507 ut

181 3546 340 3611 ineu.
362 3547 790 3630 gloriaturinNaevolum:
1084 3607 1088 3612 .

325 3648 329 3654 ’
342 3647 438 3728 Quot
451 3648 534 3714 mihi
548 3648 709 3717 Conamen
723 3651 806 3717 lacti
821 3659 900 3716 sunt
913 3668 1048 3716 munere
1062 3650 1169 3728 cives,
1261 3721 1265 3724 ,

287 3755 292 3764 ’
385 3751 462 3817 Nec
476 3751 623 3820 famulos
638 3754 780 3820 totidem
795 3754 951 3839 suspicor
965 3772 1042 3818 esse
1056 3752 1138 3818 tibi:

212 3870 275 3917 nec
293 3852 433 3934 iactum,
459 3855 519 3920 sed
542 3862 679 3924 natum:
701 3858 830 3942 alioqui
850 3861 1028 3942 patronum
1050 3873 1149 3925 suum
1171 3854 1319 3919 carmine

211 3952 394 4021 laudasset.
438 3955 566 4022 Facilis
585 3977 666 4024 vero
691 3966 764 4025 erat
786 3945 859 4025 tum
881 3957 993 4023 aditus
1010 3956 1054 4022 ad
1074 3949 1135 4040 jus
1152 3956 1318 4050 civitatis,

75 4061 81 4076 ³
211 4054 302 4138 quod
318 4055 481 4125 claudius
495 4067 566 4124 tam
579 4062 646 4126 vile
656 4062 793 4141 iecerat,
801 4068 839 4127 ut
852 4059 967 4127 vitreio
981 4058 1099 4124 fractis
1113 4058 1214 4142 uulgo
1228 4057 1318 4123 dice-

210 4164 306 4223 retur
319 4160 395 4225 emi.
440 4160 534 4228 Otho
548 4181 629 4229 vero
642 4165 827 4249 peregrinis
849 4164 953 4230 etiam
975 4162 1124 4242 donavit,
1147 4157 1185 4227 ut'
1197 4160 1266 4227 Dio
1285 4160 1319 4223 in
