3034 4900
602 344 653 394 sn
677 343 879 394 naereses.
1046 399 1048 404 ,
1269 333 1292 398 5

189 487 339 554 ‘Fausto
354 506 475 572 precor
489 484 619 571 gelida'
635 494 732 555 sonet
745 489 849 556 altius
864 508 967 574 quam
982 493 994 528 ‘
1001 489 1107 557 Arme
1119 491 1290 577 vimmque

189 590 296 669 can0‚'
309 596 343 655 et
356 591 505 675 Elegiaei
520 610 634 656 omnes
648 592 804 657 sordeant
826 592 857 658 si
879 592 1087 659 conferantur
1101 614 1177 659 eum
1191 598 1203 629 ‘
1219 594 1290 674 Qui

188 693 269 757 mibi
286 691 494 777 discipulus?
547 692 617 759 Sed
641 695 728 760 unde
748 695 835 775 baec,
850 715 980 781 quaeso,
994 704 1108 762 vestra
1124 698 1287 780 ‘gravitas

188 800 291 873 muta,
308 796 485 880 sapientia,
501 805 538 862 et
554 799 742 881 sanctitas;
765 798 867 862 immo
881 798 1024 883 pigritia,
1041 801 1240 883 arrogantia,
1254 805 1291 866 et

189 898 409 963 sinisteritesi
431 896 560 977 Poetae,
585 899 677 983 quod
698 900 919 984 praetenditis,
942 900 1074 965 obscuri
1089 908 1178 968 sunt.
1223 901 1290 966 Sed
1351 949 1353 957 .

187 997 301 1064 videte
315 1019 357 1065 ne
371 1001 435 1066 boe
448 1001 568 1066 vitium
591 1022 612 1067 a
632 1003 728 1068 vobis
748 1004 805 1079 sit,
828 1003 887 1087 qui
909 1021 974 1067 non
993 1003 1132 1067 assidua
1145 1003 1289 1095 lectione

188 1100 325 1167 redditis
338 1122 398 1168 eos
409 1106 519 1187 magis
532 1104 725 1170 familiares.
762 1104 855 1184 Quin
869 1110 902 1169 et
912 1108 1188 1169 commentatores
1204 1106 1288 1170 satis

166 1248 173 1262 ,
188 1203 347 1269 luculenti
369 1205 479 1270 facem
501 1206 695 1291 praeierunt:
718 1226 858 1290 quorum
872 1206 1019 1271 ’taedium
1036 1207 1065 1271 si
1080 1207 1135 1272 vel
1150 1207 1290 1273 delicati
1340 1192 1342 1200 ⁸

187 1305 270 1371 ferre
285 1325 354 1370 non
367 1304 522 1392 potestis,
540 1310 591 1374 vel
616 1308 660 1373 ad
680 1311 834 1393 graviora
854 1308 936 1374 forte
962 1309 1076 1375 studia
1098 1309 1288 1393 properatis

187 1408 299 1492 potins
329 1408 640 1493 quam'maturatis,
664 1432 705 1479 en
734 1412 834 1478 vobis
858 1429 975 1476 sensus
998 1410 1178 1476 medullam
1196 1418 1288 1476 notae

186 1510 430 1593 admarginales
458 1514 634 1596 praestant.
679 1513 748 1579 Sed
777 1513 907 1582 inutilis
937 1519 1000 1592 est,
1027 1520 1066 1578 ut
1091 1514 1287 1591 causamini,

186 1631 300 1677 eorum
315 1613 488 1692 lectio,·et,
504 1613 594 1698 quod
616 1616 703 1680 dixit
724 1615 846 1694 Zeno,⁷
862 1614 905 1679 ad
922 1615 1170 1698 perceptionem
1185 1613 1289 1680 disci·
1374 1628 1378 1632 ’

187 1713 353 1796 plinarum
377 1715 461 1780 nibil
484 1717 626 1781 alienius
641 1716 799 1800 Poetica.
844 1714 954 1781 Vobis
977 1735 1054 1799 quae
1077 1734 1140 1780 uon
1161 1715 1288 1797 legitis,

63 1832 68 1843 ’
188 1834 232 1879 an
245 1816 435 1900 expectatis
448 1820 523 1882 usui
539 1837 615 1883 esse
629 1815 757 1902 posse'i
781 1811 915 1883 Discite
938 1818 1017 1901 quid
1031 1817 1139 1883 dicere
1154 1816 1287 1881 Plinius

187 1916 308 1982 solitus
322 1917 378 1997 sit,
394 1911 556 1985 referente
570 1925 694 2004 nepote
709 1939 772 1985 suo
782 1919 804 1984 :⁸
828 1919 971 1983 Nullum
992 1938 1067 1982 esse
1084 1919 1202 1983 librum
1217 1924 1288 1982 tam

185 2018 324 2099 malum,
338 2027 379 2087 nt
398 2042 465 2088 uon
487 2023 603 2107 aliqua
617 2043 663 2088 ex
682 2028 779 2108 parte
796 2021 978 2106 prodesset
1021 2017 1076 2086 Ae
1090 2038 1132 2084 ne
1145 2020 1288 2086 virtutes

186 2128 221 2185 et
244 2123 406 2190 utilitates
431 2124 585 2192 Poeticae
609 2146 710 2210 cogar
734 2127 771 2190 in
795 2124 860 2191 hoe
889 2132 1086 2189 transcursu
1107 2121 1288 2186 licentioris

186 2242 288 2307 qnam
301 2225 504 2292 instituerem
517 2228 725 2312 praefationis
737 2246 921 2305 recensere,
932 2225 975 2290 D.
988 2225 1177 2309 Augustino
1188 2222 1288 2291 vobis

185 2332 332 2406 auctore,
347 2330 493 2413 colligite
517 2350 742 2416 quaecumque
763 2332 807 2395 ab
828 2328 981 2394 'Ethnicis
1005 2328 1130 2413 scripte
1152 2333 1238 2405 sunt,
1255 2331 1288 2391 et

185 2429 221 2495 iu
247 2451 346 2497 usum
374 2437 522 2498 vestrum
560 2432 740 2513 vindicate,
769 2432 1025 2519 possessoribus
1057 2431 1125 2497 illis
1153 2427 1288 2515 injustis

185 2540 309 2618 erepta
333 2532 382 2600 At
396 2555 440 2600 ex
450 2535 571 2603 Poetis
584 2537 744 2623 plerique,
755 2538 833 2602 dum
845 2537 964 2602 tetrica
974 2536 1092 2600 volunt
1106 2551 1288 2610 amoenare,

184 2637 365 2702 verborum
383 2639 532 2705 nuditate
546 2645 648 2723 atque
669 2657 777 2705 rerum
797 2638 1021 2704 obscoenitate
1043 2635 1172 2702 aurium
1193 2629 1287 2699 reve·

184 2739 324 2805 rentiam
336 2741 511 2819 incestant,
526 2742 628 2806 animi
641 2760 753 2807 mores
769 2747 992 2825 cormmpnut
1018 2738 1147 2816 Nolite,
1157 2753 1287 2820 quaeso,
1380 2727 1386 2740 '

184 2840 276 2926 loqui
289 2843 427 2925 perinde
442 2862 484 2908 ao
500 2844 573 2908 siin
585 2842 740 2908 Platonis
756 2841 956 2925 Republica,
968 2845 1026 2907 aut
1039 2855 1112 2905 cum
1126 2836 1287 2922 perfectis

184 2941 376 3009 bominibus
395 2945 580 3011 viveretur:
612 2947 711 3030 quasi
734 2935 813 3011 vero
839 2944 934 3008 detur
957 2944 1123 3007 sincemm
1146 2934 1287 3021 aliquid,
1405 2967 1410 2975 »

186 3045 257 3109 sine
270 3046 351 3110 mali
365 3048 565 3112 admistione
580 3067 714 3132 purum,
730 3052 764 3112 et
778 3048 822 3112 ab
837 3047 930 3111 omni
944 3051 1074 3110 terrena
1086 3043 1173 3109 sance
1187 3037 1286 3125 quasi

185 3144 299 3211 divino
312 3146 587 3229 igneexooctnm.
616 3149 758 3227 Profert,
768 3147 902 3213 habetis
912 3148 998 3212 enim
1005 3146 1168 3211 'fatentem
1180 3160 1286 3219 reum,

183 3246 258 3311 baec
275 3248 447 3332 AEgyptus
461 3247 570 3316 noxia
580 3249 700 3328 multa,
717 3257 753 3314 et
767 3250 873 3315 multa
887 3248 1035 3314 salubria
1049 3243 1168 3312 cultori
1183 3242 1286 3309 rnedi-

186 3356 340 3417 camenta
352 3360 377 3432 3⁹
396 3353 500 3418 babet
513 3352 587 3417 baec
601 3349 718 3418 Attica
730 3359 768 3418 ut
786 3352 853 3417 mel
869 3352 1051 3436 optimum,
1066 3349 1116 3413 ita
1137 3347 1285 3412 cicutam

185 3453 335 3519 letalem:
357 3461 391 3519 et
409 3454 445 3518 in
467 3475 600 3520 amoeno
615 3455 679 3520 boc
696 3462 798 3540 prato
813 3454 932 3519 urticis
946 3471 1040 3536 saepe
1053 3450 1165 3527 violae,
1179 3447 1286 3532 spinis

183 3575 270 3620 rosae
300 3557 579 3624 intemascuntur.
633 3556 711 3623 Vos
741 3578 842 3641 apum
872 3575 965 3620 more
994 3552 1109 3619 omnia
1135 3554 1283 3628 lustrate,

185 3657 315 3739 optima
332 3659 449 3725 libate.
495 3660 617 3745 Neque
641 3659 741 3738 enim
771 3659 801 3723 si
829 3659 906 3743 quis
928 3658 1063 3740 iugenio
1087 3657 1174 3721 bono
1197 3652 1284 3717 male

185 3763 304 3838 utatur,
320 3760 466 3844 velitque
488 3779 548 3845 per
570 3760 801 3825 curiositatem
831 3779 907 3826 esse
931 3759 1104 3845 ingeniose
1131 3773 1284 3841 nequam,

683 3960 792 4013 NOTAE

216 4071 383 4137 amaa]
405 4072 483 4137 erog.
493 4072 612 4124 meatu·
622 4075 656 4125 aa
668 4073 713 4125 vr.
786 4071 1010 4138 amimea]
1027 4034 1223 4123 elusanam
1233 4067 1286 4119 ru.

185 4150 218 4200 tle
229 4149 328 4199 Philus.
339 4149 385 4200 lib.
396 4163 449 4199 vrr.
754 4149 857 4202 dieudir
867 4147 1003 4218 Potitieer
1015 4146 1094 4199 Hom.
1106 4145 1197 4198 Ode

218 4229 233 4274 8
249 4224 384 4289 Monte,
394 4227 446 4291 irc]
465 4226 523 4279 Lib.
535 4240 582 4279 nr.
593 4227 677 4291 Epist.
688 4233 714 4278 n.
