3034 4900
394 805 749 889 SCRIP'PORUM
784 804 1050 882 VE'PERUM
1219 796 1221 803 ⁴

703 979 738 1018 AC

269 1102 729 1184 RECENTIORUM
767 1096 1176 1190 QUORUNDAM

252 1342 259 1357 '
388 1347 453 1415 DE
483 1347 536 1431 M,
554 1341 771 1411 VALERIO
802 1337 1057 1407 MARTIALE

445 1558 997 1669 TESTIMONIA.

410 2090 449 2157 0.
471 2090 637 2159 Pentros
659 2088 851 2157 Onornrus
874 2089 1041 2156 Securo.

464 2210 662 2277 eorunrro
684 2210 825 2275 Porseo
848 2226 918 2276 suo
941 2210 977 2275 S.

461 2390 465 2397 -
481 2344 648 2431 [Epistola
662 2342 961 2424 Lib.111.ultime.]

171 2463 313 2555 Aunro
329 2482 504 2555 Valerium
528 2487 721 2555 Martialem
742 2490 944 2570 decessisse,
968 2496 1001 2555 et
1025 2488 1167 2555 moleste
1189 2490 1270 2554 fero.

171 2590 252 2657 Erat
269 2591 372 2657 homo
393 2591 597 2676 ingeniosus,
627 2599 759 2671 ocutus,
783 2612 872 2672 acer,
895 2596 930 2659 et
953 2592 1010 2677 qui
1037 2590 1214 2677 plurimum
1237 2593 1270 2655 in

171 2693 347 2760 scribendo
369 2698 404 2759 et
425 2692 508 2760 selis
536 2693 674 2759 heberet
697 2699 731 2761 et
752 2695 861 2777 tellis3
882 2714 944 2760 nec
972 2693 1127 2760 candoris
1148 2693 1270 2758 minus.

170 2795 377 2863 Prosecutus
389 2815 481 2866 erum
495 2797 620 2864 viatico
634 2798 856 2865 secedentem.
900 2798 1069 2864 Dederam
1082 2795 1146 2861 lroc
1156 2795 1272 2861 amici·

169 2897 239 2978 tiae,
254 2897 414 2964 dederam
427 2899 527 2965 etium
541 2900 724 2980 versieulis,
734 2921 819 2985 quos
834 2900 876 2966 de
890 2915 944 2966 me
959 2899 1173 2992 composuit,
1191 2897 1273 2963 Fuit

169 2999 272 3065 moris
286 3000 425 3088 antiqui,
451 3002 582 3086 eosqui
602 3002 657 3069 vel
680 3002 883 3088 singulorum
906 3002 1038 3082 laudes,
1062 3000 1116 3067 vel
1137 2998 1271 3065 urbium

170 3093 384 3186 scripserant,
406 3108 466 3170 aut
490 3104 672 3171 honoribus
695 3112 757 3171 aut
786 3100 930 3191 pecunie
952 3124 1077 3188 ornere.
1133 3093 1271 3168 Nostris

169 3223 249 3270 vero
263 3208 480 3290 temporibus,
494 3212 534 3272 ut
548 3206 616 3272 ulia
630 3208 790 3293 speciose
803 3215 836 3275 et
848 3210 990 3294 egregia,
1017 3209 1068 3273 ita
1091 3198 1157 3272 lroc
1169 3205 1272 3291 inpri·
1336 3257 1355 3276 r

168 3305 408 3390 misexolevit.
451 3308 544 3389 Nam
568 3315 751 3396 postquam
772 3311 932 3377 desiimus
957 3311 1064 3378 fucere
1088 3308 1270 3388 laudando,

167 3408 301 3492 laudari
314 3431 448 3496 quoque
461 3413 612 3497 ineptum
626 3417 797 3498 putemus.
820 3424 824 3433 '
842 3413 979 3493 Quaeris
1004 3413 1064 3498 qni
1086 3414 1155 3478 siut
1169 3411 1272 3477 versi·

169 3511 253 3591 culi,
268 3512 389 3596 quibus
403 3514 543 3597 gratiam
557 3515 748 3582 retulerint
793 3515 1014 3583 Remitterem
1040 3523 1072 3580 te
1092 3512 1135 3579 ud
1157 3514 1271 3599 ipsum

169 3613 340 3693 volumen,
353 3614 420 3679 uisi
435 3615 600 3699 quosdam
614 3623 769 3683 tenerem.
812 3618 879 3698 Tu,
902 3617 932 3683 si
947 3616 1136 3702 placuerint
1149 3615 1195 3693 hi,
1216 3634 1271 3679 ce-

169 3719 261 3780 teros
273 3714 309 3779 in
319 3715 405 3781 libro
420 3717 582 3801 requires.
624 3715 817 3804 Alloquitur
831 3719 980 3799 Musam,
1002 3717 1144 3785 mundet
1157 3725 1197 3783 ut
1209 3717 1270 3782 do·

169 3834 261 3890 mum
274 3834 385 3881 meum
398 3818 434 3883 in
445 3817 607 3904 Esquiliis
620 3827 762 3905 quaerut,
778 3821 880 3888 odeat
894 3828 1100 3889 reverenter:
1122 3820 1214 3906 [Lib.
1230 3838 1269 3887 x.

169 3913 283 4002 Epigr.
299 3915 370 4001 19.]
910 3914 913 3921 ’

343 4018 411 4085 Sed
424 4040 467 4085 ne
480 4027 629 4108 ternpore
644 4042 713 4089 non
727 4028 788 4090 tuo
804 4020 965 4094 disertam

343 4120 465 4188 Pulses
480 4126 574 4216 ebrie
582 4127 732 4212 Junuem,
747 4128 869 4195 videto.

237 4239 325 4305 Detplr.
336 4246 359 4292 rt
375 4240 435 4293 Ver.
447 4243 512 4293 Clas.
664 4244 777 4297 Mortiul.
