3034 4900
588 371 625 419 Μ.
649 370 734 419 VAL.
760 368 966 419 maurilius
1038 394 1061 435 '.

445 518 544 584 Solus
560 519 617 603 qui
631 521 771 602 poterat.
815 510 970 594 Valebis,
985 535 1079 582 uxer.

442 620 524 685 Neu
536 620 636 684 debet
650 619 789 684 Domini
804 619 915 702 perire
930 637 1059 683 munus.

229 723 371 791 Crestus
386 729 440 790 est
453 723 616 801 tribunus,
631 722 721 807 qued
740 738 795 788 ιιι.
811 723 864 787 91.
875 720 1001 806 jactat:

195 854 199 861 *
313 826 377 892 Est
391 830 426 891 et
438 825 474 890 in
487 824 551 890 hee
567 824 716 910 aliquid:
738 824 827 889 vidit
839 844 892 888 me
912 823 1022 889 Roma
1034 820 1216 888 tribunum.

226 927 376 994 Ornatus
390 931 442 993 est
455 927 603 1011 equestri
617 924 797 1009 dignitate:
823 925 948 991 ibidem
962 946 971 992 ε
1044 947 1048 955 ’

271 1037 276 1050 “
397 1029 442 1098 Et
456 1029 570 1109 sedeo,
583 1049 651 1114 qua
666 1035 701 1093 te
717 1029 860 1094 suseitat
875 1028 1053 1094 Oceanus:

226 1132 291 1198 boe
305 1137 368 1213 est,
390 1139 509 1220 speetu
532 1132 569 1198 in
590 1131 731 1198 theatris
755 1130 855 1196 ludos
875 1131 962 1196 inter
974 1129 1116 1216 equites.
1159 1127 1326 1195 Praedieat

225 1235 367 1301 eandem
381 1251 416 1297 v.
429 1234 485 1301 13.

311 1337 404 1416 Sum,
418 1336 539 1416 fateor,
556 1355 753 1421 semperque
769 1336 829 1416 iui,
840 1334 1043 1415 Gallianate,
1056 1356 1195 1422 pauper,

320 1471 323 1476 ·
353 1438 423 1504 Sed
437 1458 506 1503 nen
521 1439 699 1517 obscuras,
713 1458 776 1503 uec
790 1439 876 1504 male
890 1444 991 1504 notus
1005 1458 1119 1524 eques.

225 1536 359 1605 Anulus
372 1548 427 1606 est
439 1540 535 1607 danis
549 1541 585 1607 in
594 1541 679 1606 urbe
690 1544 725 1606 et
736 1540 816 1605 rmi.
860 1538 1323 1622 Domioiliumsibiassigna·
1371 1560 1375 1569 ’

224 1644 298 1707 tum
309 1642 345 1707 in
357 1643 450 1724 urbe,
464 1649 498 1710 01
510 1663 570 1709 rus
586 1643 813 1709 suburbanum
827 1642 926 1709 docet
941 1659 997 1710 rx.
1010 1643 1065 1710 98.

310 1743 492 1829 Rumpitur
505 1746 646 1824 invidia,
661 1745 751 1830 quod
764 1766 821 1811 rus
834 1746 917 1812 mihi
931 1747 1029 1812 dulae
1046 1744 1109 1811 sub
1122 1744 1205 1808 urbe
1218 1752 1283 1821 est,

352 1847 533 1932 Parvaque
547 1847 582 1911 in
595 1847 676 1912 urbe
690 1846 822 1927 demus,
841 1849 1004 1933 rumpitur
1016 1846 1151 1914 invidia.

224 1946 269 2013 Et
283 1962 323 2012 x.
337 1945 392 2013 16.
910 1956 912 1959 ·

309 2050 405 2116 Dara
418 2051 600 2117 suburbani
614 2050 693 2117 dum
703 2050 826 2137 jugera
839 2052 1014 2137 pascimus
1029 2050 1111 2135 agri,

350 2152 562 2239 Vieinosque
577 2153 649 2234 tibi,
672 2161 786 2221 sanate
800 2153 950 2235 Quirine,
965 2154 1065 2220 lares.

223 2253 314 2329 ltem,
326 2271 408 2320 vrri.
421 2255 476 2320 dl.

308 2356 376 2422 Sed
390 2356 483 2442 qued
497 2358 560 2437 sub
575 2357 657 2425 urbe
671 2377 729 2423 rus
742 2359 905 2424 habemus
918 2358 1085 2437 aestivum,
1103 2378 1105 2385 ’

193 2511 200 2525 .
306 2447 534 2545 Vehimurque
547 2460 659 2539 mulis,
672 2480 751 2540 neu,
766 2469 806 2526 ut
819 2469 908 2541 aute,
924 2459 1110 2527 cnuduetis.

222 2560 394 2628 Praedium
408 2562 657 2633 Nomentanum
670 2563 824 2645 pluribus
834 2562 1016 2629 versieulis
1030 2561 1187 2627 nobilitat
1202 2579 1251 2628 rr.
1266 2563 1319 2629 43.

223 2677 290 2729 vn.
303 2664 359 2730 93.
383 2682 422 2732 x.
436 2665 491 2732 48.
505 2666 606 2731 0194.
631 2680 717 2730 xru.
734 2665 808 2732 119.

264 2763 381 2832 Italiae
390 2785 524 2852 quoque
537 2771 666 2851 partem
680 2786 756 2831 eam
770 2767 856 2833 obiit
867 2765 979 2852 poete,
1001 2779 1104 2852 quam
1117 2766 1198 2831 olim
1214 2766 1320 2831 AEmi·

118 2917 121 2921 .
219 2864 314 2945 liam,
339 2886 401 2932 seu
428 2874 574 2952 togatam
598 2867 749 2934 Galliam
773 2869 900 2950 dixere,
928 2889 1018 2935 nune
1041 2864 1244 2935 Lumbardia
1267 2869 1319 2934 eis

220 2966 354 3034 Padum
375 2976 592 3055 nuncupatur,
622 2972 736 3056 ibique
764 2972 996 3038 nobilissimas
1023 2974 1125 3037 urbes
1148 2971 1318 3036 lustravit:

220 3068 345 3136 Forum
356 3070 505 3157 Cornelii
519 3091 580 3139 seu
595 3073 784 3157 Immolam,
796 3076 885 3141 unde
900 3076 1031 3142 tertium
1044 3076 1318 3160 epigrammatum
1334 3059 1337 3064 ¹

219 3170 341 3241 librum
349 3175 475 3258 emisit,
489 3183 529 3241 ut
544 3192 600 3241 111.
613 3177 645 3242 1.
661 3182 694 3243 et
705 3179 738 3242 4.
753 3179 891 3246 scribit:

305 3276 386 3343 Huc
399 3278 472 3357 tibi,
487 3277 653 3364 quidquid
666 3277 702 3344 id
718 3286 782 3360 est,
797 3279 989 3366 longinquis
1002 3279 1102 3347 mittit
1115 3279 1164 3345 ab
1175 3278 1242 3356 eris

347 3379 473 3461 Gallia,
488 3380 651 3448 Rumanae
665 3384 798 3449 nomine
811 3384 906 3451 dieta
918 3391 1016 3468 togae.

224 3479 286 3545 Et:

306 3581 355 3661 si,
371 3584 496 3667 quibus
509 3585 543 3649 in
558 3585 669 3665 terris,
684 3605 753 3670 qua
767 3588 872 3654 simus
885 3588 920 3654 in
932 3590 1015 3655 urbe
1028 3578 1171 3671 rugabit,

348 3683 481 3752 Cornell
495 3686 617 3754 referas
629 3709 685 3754 me
699 3689 782 3755 lieet
794 3710 872 3757 esse
883 3691 966 3758 iero.

218 3782 414 3852 Ravennam
429 3789 521 3878 item,
535 3790 616 3856 olim
631 3801 737 3877 caput
750 3791 881 3873 Pieeni,
902 3799 939 3860 ut
952 3797 1047 3858 vetus
1062 3791 1161 3857 decet
1173 3790 1316 3875 inserip-

217 3886 276 3952 110.
319 3887 365 3955 Et
387 3889 643 3960 iuVeuetorum
665 3915 746 3980 agro
770 3894 930 3977 Altinum,
953 3895 1005 3961 uti
1029 3899 1063 3960 et
1086 3894 1267 3960 Patavium
1282 3898 1316 3957 01

217 3986 423 4074 Aquileiam,
437 3996 499 4060 &e
542 3994 733 4081 Aquileiam
756 3996 838 4063 Furi
861 3996 948 4064 Julii
972 3996 1161 4084 primariam
1183 3995 1312 4071 urbem,

216 4109 295 4175 quae
308 4093 461 4174 ciuitates
470 4097 555 4164 adeo
565 4097 676 4183 pebtae
688 4100 837 4179 arrisere,
850 4107 891 4165 ut
900 4098 1119 4182 constituerit,
1132 4103 1315 4163 extremam

215 4191 283 4260 illis
298 4202 436 4265 aetatem
450 4218 667 4267 consecrare:
690 4201 739 4268 sie
754 4201 843 4267 enim
858 4217 907 4265 ιν.
921 4201 974 4268 24.
989 4203 1145 4268 testatur:
