3034 4900
551 343 599 391 na
623 343 885 396 reecrncuars.
1226 341 1270 406 53

168 483 345 551 Herculeae
359 485 471 552 laudis
485 495 672 556 numeretur
686 491 814 575 gloria:
837 495 913 579 plus
929 504 982 561 est

208 587 270 651 Bis
285 588 394 655 denas
408 591 535 674 pariter
547 592 779 676 perdomuisse
792 596 890 663 ieras.
1226 605 1268 669 10

165 759 220 793 acm
229 746 433 800 etdndrcmedea.
467 751 574 802 Eximiae
585 753 699 804 Herculis
717 757 798 807 laudes
805 764 982 809 recenseantur:
998 760 1098 825 amplias
1108 766 1143 811 est
1154 762 1224 814 dana
1231 765 1267 815 ia·

166 809 468 875 lersecisaeoigintiferoe.
636 832 642 846 ·

627 952 630 956 -
654 918 771 970 NOTAE

164 1007 205 1056 lua
217 1008 353 1059 manderet
365 1011 453 1064 artus!
737 1019 785 1069 bns
798 1021 946 1071 exantlatos
957 1022 1081 1085 repedet,
1091 1027 1119 1072 at
1130 1037 1191 1084 vero
1203 1024 1266 1074 Car·

194 1085 355 1137 ttHercaleoe
366 1089 455 1154 madh]
482 1091 540 1142 Hac
553 1098 602 1156 est,
620 1095 642 1144 si
659 1097 696 1146 la·
737 1099 868 1161 pophorns
881 1114 932 1151 unc
948 1100 990 1151 dIc
1002 1099 1094 1164 viginti
1105 1099 1174 1151 feras
1185 1101 1265 1151 iater-

164 1161 240 1212 bores
263 1163 386 1215 Herculis
405 1181 536 1231 numeres,
557 1170 695 1222 duodecim
736 1172 810 1225 fecit.

164 1243 275 1304 tautam,
290 1248 319 1291 et
337 1241 440 1307 quidem
452 1243 561 1296 diversis
572 1249 693 1312 tempori·

620 1447 808 1516 XXVIII.

552 1584 601 1632 nu
624 1572 886 1639 uranicum!

162 1654 335 1743 Aucusal
351 1681 467 1747 laudes
483 1683 627 1766 lucrant,
643 1692 850 1757 committere
865 1693 1004 1770 claresce,

202 1778 249 1843 Et
261 1780 348 1847 freta
363 1786 479 1850 navali
495 1787 669 1855 sollcitare
684 1793 788 1858 tuba:

161 1880 309 1951 Caesaris
324 1887 399 1953 haec
414 1891 519 1956 nostri
534 1911 612 1976 pars
626 1899 677 1959 est
691 1897 823 1981 quota?
845 1894 931 1961 vidit
944 1896 979 1961 ia
993 1895 1094 1960 undis

200 1987 247 2052 Et
260 1989 376 2056 Thetis
390 1993 537 2075 ignotas,
553 2002 587 2062 et
601 1995 748 2064 Galatea
762 2000 860 2064 serae.
896 2008 901 2016 ’

159 2087 255 2156 Vidit
269 2093 305 2158 ia
320 2115 481 2180 aequoreo
495 2099 663 2167 ferventes
678 2105 818 2188 pulvere
834 2122 961 2181 currus,
1239 2106 1262 2168 5

199 2192 246 2258 Et
260 2196 388 2263 domini
401 2199 522 2266 Triton
534 2204 607 2287 ipse
622 2206 757 2288 putavit
771 2224 889 2290 equos.

188 2372 297 2437 Augusti
306 2376 474 2438 gleriasaerat
485 2380 569 2428 clasma
578 2379 689 2431 inducere
700 2383 852 2444 adpagnam,
867 2386 938 2444 atace
955 2350 1056 2429 incitare
1074 2394 1139 2430 mare
1156 2381 1260 2433 classim.

159 2439 237 2496 Quota
248 2441 340 2492 estham
349 2459 405 2506 aare
417 2445 522 2494 Censoris
539 2443 634 2497 mari?
668 2447 750 2497 Thetis
761 2454 784 2496 et
798 2449 899 2496 Galatea
910 2446 1086 2510 aspexeraatia
1095 2446 1261 2523 cacahellaas

156 2506 297 2569 incognitas.
333 2509 418 2559 Triton
428 2511 479 2575 ipae
488 2512 603 2574 spectavit
609 2514 635 2561 in
641 2513 737 2582 calcem
746 2513 870 2563 machina
879 2512 1009 2576 quadrigas
1013 2511 1132 2575 servidas,
1148 2518 1171 2560 et
1182 2513 1259 2562 credr-

618 2626 801 2646 meum

187 2685 256 2736 Iane
270 2686 377 2749 Augusti
394 2690 488 2739 lemma
498 2698 538 2740 est
549 2689 575 2739 in
585 2691 682 2740 Venet.
694 2689 755 2741 Ald.
766 2691 841 2742 Jant.
858 2688 958 2753 Gryph.
975 2688 1061 2739 Golia.
1078 2687 1186 2766 aliisque
1197 2688 1259 2738 eda.

155 2757 220 2801 vett.
256 2753 293 2801 De
301 2754 455 2803 Naumachia
471 2755 622 2805 emendarat
638 2756 670 2805 P.
680 2755 763 2805 Seria.
779 2754 966 2819 confirmatque
983 2754 1066 2828 cadere
1083 2753 1258 2803 Bodleianas:

155 2815 193 2865 De
204 2816 353 2867 Naumachia
363 2819 635 2871 armemanensis.
655 2821 696 2870 De
708 2821 856 2871 Naumachia
869 2820 974 2869 Caraca
986 2820 1104 2896 Ramnes
1116 2818 1149 2866 de
1161 2819 1257 2894 Prado.

154 2885 200 2930 -l
216 2881 323 2944 Augusti
333 2884 398 2934 labar
408 2883 536 2944 hicfaerct
548 2886 625 2935 codd.
636 2885 738 2935 Thrran.
751 2886 827 2937 Bodl.
844 2886 898 2934 alii.
923 2888 1027 2947 Aemate
1039 2883 1124 2943 fuerat
1140 2884 1205 2932 labar
1221 2884 1259 2932 hac

154 2952 206 2998 vet.
218 2948 277 2997 cod.
288 2948 505 3001 Reseranda-l
524 2952 627 3001 Galatea
636 2952 690 3016 aias
700 2950 758 3001 cod.
770 2951 857 3002 Vatia.
871 2949 989 2999 Galathea
999 2950 1023 2999 in
1042 2949 1166 3000 luat-6
1183 2949 1259 2999 Bodl.
1274 2975 1278 2980 .

652 3083 759 3135 NOTAE

186 3185 201 3215 ⁵
222 3187 263 3238 De
291 3189 441 3241 Naumachia
467 3192 543 3256 [Laus
569 3193 685 3258 daneta]
759 3193 824 3243 ala
835 3207 941 3257 aeqaarec
951 3192 1057 3257 palaeae]
1074 3191 1154 3241 Multi
1164 3191 1260 3241 intelli·

154 3267 251 3319 Melina
270 3270 458 3323 inscriberetur
479 3275 518 3324 De
535 3275 687 3326 Naumachia
726 3279 791 3336 girat
802 3269 1008 3336 pontecleniter
1024 3284 1098 3335 aqnae
1110 3267 1259 3333 superficIei
1303 3291 1305 3298 >

93 3355 96 3364 ⁸
155 3345 268 3397 Caesaris.
293 3346 331 3397 Ut
344 3349 481 3411 plurimum
493 3357 686 3415 corruptarum
726 3349 879 3411 substratos,
898 3353 1016 3410 etsnper
1030 3346 1260 3396 hoscurrustrac·

152 3423 275 3474 lemmata
300 3440 316 3474 a
341 3425 525 3477 Grammaticis
547 3427 683 3493 inscripta.
725 3434 766 3476 tas
786 3424 875 3475 fuisse.
908 3424 1019 3473 Tacitus
1035 3422 1129 3472 Annal.
1150 3437 1204 3473 xn.
1224 3424 1258 3472 de

152 3501 308 3551 Libroenim
319 3516 384 3553 xrn.
401 3509 428 3552 et
447 3517 507 3554 xiv.
527 3511 628 3554 tanturn
648 3506 684 3556 vi·
725 3501 888 3553 Naumachia
897 3501 997 3551 Claudii
1007 3500 1059 3554 ait:
1076 3500 1185 3563 ‘quue
1194 3506 1259 3549 tem·

152 3576 248 3628 deutur
257 3579 378 3643 apposita
389 3580 422 3629 ab
433 3581 490 3644 ipso
509 3582 631 3632 Martiale
641 3581 684 3634 lib.
726 3594 790 3644 pore
802 3578 952 3641 interjecto,
963 3576 1041 3626 altius
1051 3572 1137 3626 effossi
1148 3590 1258 3665 specusj

152 3666 216 3705 xm.
227 3655 338 3719 Epig.3.
348 3663 375 3705 et
387 3656 431 3706 lib.
443 3670 501 3707 xlv.
514 3658 591 3722 Epig.
600 3663 625 3709 2.
725 3664 754 3707 et
776 3655 959 3706 contrahendae
979 3670 1068 3703 rursus
1087 3653 1259 3739 multitudini,

184 3735 197 3780 l
217 3733 372 3783 Commitiere
388 3734 484 3798 classes]
509 3737 552 3785 De
572 3737 686 3786 Nauma-
726 3733 901 3798 gladiatorum
918 3731 1096 3795 spectaculum
1109 3729 1204 3790 editur,
1222 3744 1259 3778 m·

151 3808 208 3858 chin
214 3809 359 3860 Domitiani
370 3813 426 3876 agit
435 3812 574 3862 Suetonius
586 3813 613 3862 in
629 3815 685 3865 Do·
726 3811 787 3860 ditis
800 3811 920 3874 pontibus
929 3809 1080 3873 pedestrem
1087 3806 1118 3893 ad
1128 3805 1258 3870 pugnam!

152 3886 330 3953 mitianocap.
341 3893 366 3938 4.
725 3887 810 3953 Aqua
829 3896 916 3936 autem
938 3899 1030 3950 aprima
1052 3882 1161 3948 pedibus
1178 3896 1258 3946 equo·

182 3966 198 4012 2
208 3964 242 4013 Et
248 3963 317 4023 freta
326 3966 416 4029 navali]
435 3964 495 4015 Hoc
506 3971 555 4031 esi,
566 3965 683 4017 excitare
702 4024 709 4041 ἱ
724 3981 781 4014 rum
790 3965 960 4026 currentiam,
968 3964 1009 4012 vol
1021 3963 1043 4011 si
1053 3969 1145 4025 pontes
1156 3976 1206 4010 non
1218 3960 1259 4026 fa·

151 4040 266 4102 pralium
279 4043 381 4092 navale.
724 4042 805 4104 erint,
814 4041 959 4090 natantium
970 4039 1085 4088 excitata
1103 4037 1257 4088 imitabatur

181 4117 250 4166 dEt
264 4117 366 4168 Galatea
380 4117 460 4181 feras]
488 4118 588 4169 Tauros
611 4124 684 4184 puta,
724 4119 859 4184 pulverem
872 4116 953 4166 Circi.

153 4204 240 4256 equos,
259 4197 309 4246 &a
352 4193 420 4244 Vide
440 4194 518 4259 Epir.
535 4200 576 4248 26.
595 4211 681 4261 supra
757 4196 885 4246 Feraeatee
902 4193 998 4256 macas]
1020 4193 1136 4255 Propter
1158 4195 1257 4279 motum

153 4265 261 4320 Galatea
273 4284 335 4321 vero
344 4284 396 4320 una
405 4276 447 4321 est
455 4271 607 4325 Nereidum.
722 4273 840 4322 velocem
861 4270 1011 4337 quostiam
1032 4268 1059 4318 in
1079 4281 1146 4332 aqua
1163 4265 1256 4317 fervidi
