3034 4900
684 380 782 434 VITA.

264 526 339 596 Vos
353 529 446 595 eritis
459 535 582 595 nostrae
597 536 727 615 portus,
741 530 940 616 requiesque
953 536 1108 609 soncctae,

310 634 444 720 Sijnris
456 633 579 699 ineunt
592 635 662 705 otia
675 642 792 701 nostra
806 636 869 700 sui.
886 710 888 713 ¹

222 734 354 802 Amicis
378 755 459 801 usus
478 742 540 814 est,
561 744 684 820 praeter
706 736 870 815 Caesares,
894 737 993 803 claris
1017 743 1052 802 et
1067 736 1273 822 potantibus,

181 846 215 904 et
228 839 362 906 multis:
386 839 556 918 Stertinio,
579 859 677 924 quem
698 838 841 905 Avitum
861 848 973 918 vocat,
998 839 1160 917 Deciano,
1181 836 1288 904 Lici·¹

178 943 290 1022 niano,
298 941 420 1020 Stella,
432 941 576 1026 Nepote,
584 942 693 1027 Lupo,
702 941 818 1007 Plinio
822 942 967 1027 Juniore,
980 941 1135 1007 Cornelio
1143 940 1274 1019 Priscu

178 1042 271 1109 sulio
286 1044 455 1123 Martiale,
477 1043 610 1126 Regulo
625 1052 769 1122 oratore,
791 1043 1014 1123 Quintiliano,
1035 1042 1176 1122 Quinto,
1192 1041 1274 1108 Ovi·

179 1147 248 1225 din,
273 1145 448 1225 iuvenale,
464 1145 604 1212 Valerio
629 1145 768 1225 Flacco,
791 1145 886 1224 Silio,
909 1143 1090 1211 Parthenio
1118 1151 1278 1228 tyranno·

179 1257 292 1328 otono,
319 1248 464 1334 aliisque
490 1249 728 1333 compluribus,
754 1267 842 1332 quos
865 1247 995 1333 passim
1020 1247 1056 1311 in
1082 1248 1153 1311 suis
1177 1245 1274 1312 libris

179 1352 312 1417 aeternis
334 1359 430 1417 ornat
457 1336 589 1434 elogiis.
646 1352 702 1417 De
727 1350 839 1417 Statio
864 1351 1022 1416 mirantur
1047 1349 1164 1432 aliqui,
1196 1367 1274 1414 cum

178 1452 295 1518 eodem
308 1459 461 1538 tempore
475 1453 632 1533 vixerint,
646 1453 737 1519 idem
750 1474 842 1538 saepe
852 1459 1081 1537 argumentum·
1091 1449 1274 1528 uactarint,

178 1556 318 1621 eosdem
331 1556 460 1621 amicos
474 1556 645 1636 coluerint,
667 1575 729 1623 cur
746 1557 840 1623 nulla
852 1556 1008 1623 amicitiae
1023 1560 1103 1621 nota
1116 1555 1200 1620 inter
1213 1550 1276 1616 bus

85 1666 94 1674 “
179 1661 276 1722 extet.
326 1655 383 1722 Au
405 1658 495 1743 quod
515 1659 607 1724 nulla
630 1659 807 1744 singularis
828 1660 913 1726 inter
933 1678 992 1724 eos
1011 1654 1222 1737 necessitudo
1242 1656 1276 1717 et

177 1776 261 1824 usus
275 1760 356 1826 vitae
378 1761 628 1827 intercesserit‘t
659 1781 704 1827 an
723 1762 859 1827 occulta
881 1761 996 1847 aliqua
1009 1759 1200 1825 dissensio‘t
1231 1777 1275 1824 an

177 1859 380 1945 ingeniorum
391 1862 513 1943 studia,
521 1884 646 1945 mores,
657 1869 792 1932 naturae
799 1865 966 1933 diversant
987 1863 1130 1950 anquod
1145 1863 1276 1929 Statius
1334 1921 1339 1927 .

177 1963 273 2042 celer,
296 1971 331 2030 et
345 1983 446 2051 >saepo
459 1968 702 2053 extemporalis
724 1988 832 2054 prope
849 1968 964 2055 poeta,
987 1972 1025 2033 ut
1038 1988 1082 2032 ex
1095 1966 1279 2050 sylvarum

177 2064 433 2149 praefationibus
447 2068 567 2147 discis,
582 2069 695 2135 subito
711 2070 932 2154 gratularetur
944 2070 998 2137 vel
1012 2068 1175 2154 Principi‚
1197 2086 1279 2133 cum-

178 2167 304 2254 aliquid
317 2170 396 2236 novi
410 2171 466 2236 uel
480 2172 617 2252 accidit,
626 2172 684 2238 rel
697 2173 868 2239 conditum
882 2179 948 2250 est,
960 2171 1052 2257 quod
1063 2191 1130 2237 uon
1144 2169 1277 2238 ridetur

178 2268 332 2352 potuisse
352 2271 534 2355 Martialis,
557 2281 618 2340 aut
639 2275 800 2342 voluisse.
844 2275 948 2355 Quod
969 2279 1081 2362 ipsum
1103 2295 1179 2341 reor
1199 2273 1278 2352 fnit,

13 2366 15 2377 ’
68 2389 73 2402 ·
178 2372 359 2438 curnullus
377 2374 616 2442 familiaritatis
636 2375 742 2442 index
766 2382 826 2444 aut
848 2379 1126 2464 symbolum'aut
1144 2382 1277 2442 contes-

177 2474 304 2540 seratio
319 2477 413 2560 apud
427 2478 608 2564 scriptores
628 2479 822 2563 reperiatur.
865 2480 1052 2546 librarium
1065 2497 1206 2565 puerum
1219 2477 1278 2543 ha·

177 2576 261 2655 buit,
273 2575 392 2646 Afrum
405 2580 625 2662 Demetrium,
636 2601 739 2667 quem
749 2581 957 2664 moriturum,
969 2601 1045 2648 sero
1056 2580 1168 2658 nimis,
1178 2579 1278 2645 liber-

178 2680 247 2744 tate
260 2679 410 2763 donarit,
429 2682 557 2768 dequo
575 2685 688 2751 alna
878 2667 882 2676 X

310 2781 377 2849 Illa
390 2804 510 2852 manns
524 2787 696 2871 quondam
710 2788 894 2855 studiorum
906 2788 975 2855 fida
987 2806 1150 2866 meorum,
1190 2838 1201 2850 .

350 2885 492 2954 Etfelix
505 2888 653 2969 domiuo,
674 2897 822 2977 uotaque
837 2889 1043 2958 Caesaribus.

180 2986 285 3055 Gravi
308 2990 426 3055 morbo
448 2989 553 3058 semel
573 2990 749 3074 duntaxat,
771 2994 851 3060 dum
873 2992 995 3061 Romae
1015 2993 1114 3072 vixit,
1134 2994 1300 3059 tentatus.

180 3094 239 3169 est,
257 3104 340 3154 vur.
354 3090 408 3158 25.
933 3144 935 3147 ι

394 3193 523 3262 Vidisti
536 3197 652 3277 semel,
668 3195 840 3282 Oppiane,
863 3203 993 3264 tantum

397 3298 537 3383 AEgrum
549 3320 604 3366 ma
617 3299 725 3365 male:
748 3319 841 3386 saepe
857 3307 891 3366 te
905 3300 1039 3367 videbo.

181 3395 256 3463 Lib.
273 3413 322 3463 vr.
337 3398 390 3465 58.
406 3420 443 3465 se
451 3401 525 3486 jam
537 3421 642 3489 prope
656 3402 905 3470 conclamatum
920 3404 991 3470 ait:

268 3499 300 3566 Ο
315 3521 417 3585 qnam
431 3523 528 3588 paena
542 3504 605 3570 tibi
619 3503 753 3590 Stygias
769 3523 832 3589 ego
845 3511 966 3591 raptus
981 3504 1025 3570 ad
1039 3504 1160 3583 undas,

308 3603 438 3689 Elysiae
451 3604 522 3672 vidi
535 3607 655 3672 nubila
666 3607 765 3673 rusca
779 3606 909 3692 plagae!

119 3695 123 3703 ’
199 3783 201 3790 y
231 3706 428 3773 Domitiano
453 3709 600 3789 sublato,
630 3709 815 3778 Parthenio
839 3710 1028 3777 Maecenate
1057 3710 1168 3775 amico
1194 3709 1285 3776 auli-

180 3825 222 3872 co
257 3827 280 3873 a
312 3810 476 3876 militibus
508 3812 695 3893 interfecto,
728 3833 806 3879 cum
846 3812 937 3898 apud
967 3813 1117 3880 Nervam
1152 3831 1281 3897 pamm,

181 3908 269 3993 apud
301 3910 489 3997 'lbajanum
521 3915 603 3982 nihil
636 3924 769 4001 posset,
800 3936 911 3983 rerum
941 3916 1144 3982 urbanarum
1176 3914 1280 3981 tedio

181 4010 334 4090 affectus,
358 4016 554 4098 urgentibus
583 4017 657 4103 jam
683 4019 787 4087 taedio
816 4025 853 4086 et
886 4007 978 4097 fatis,
1014 4019 1158 4104 patriam
1185 4036 1281 4100 repe-

182 4112 269 4190 tivit,
292 4113 329 4178 in
357 4134 475 4202 eaque,
505 4118 660 4187 confecto
682 4140 744 4207 per
767 4120 941 4189 triennium
962 4120 1046 4186 libro
1069 4117 1281 4198 duodecimo,

184 4218 309 4283 naturae
342 4219 531 4287 concessit:
565 4240 672 4308 neque
701 4223 791 4290 enim
819 4231 890 4292 tarn
918 4227 1110 4307 gratamet
1141 4239 1281 4289 suavem
