3034 4900
588 370 625 419 bl.
650 370 734 421 VAL.
760 367 968 418 Manutius

730 581 820 648 XII.

495 724 546 772 nn
575 720 843 772 snxrrnrnnun
868 718 1056 768 senonen.

225 826 311 894 CUM
327 827 409 892 daia
423 828 489 892 sint
503 826 610 910 equiti
623 826 676 891 bis
689 826 792 910 quina
804 824 1016 900 numismata,
1031 841 1134 906 quare

268 931 331 1007 Bis
346 931 460 996 decies
475 931 581 1009 solue,
597 929 796 1007 Sextiliane,
810 927 923 993 bibisl

169 1097 172 1110 ,
223 1034 247 1100 J
251 1054 305 1099 am
319 1034 496 1100 defecisset
509 1039 688 1118 portantes,
697 1032 797 1097 calda
810 1030 992 1108 ministres

268 1136 306 1201 Si
320 1156 388 1201 non
402 1141 550 1221 potares,
566 1133 765 1212 Sextilium,
779 1153 919 1199 merum.

260 1288 285 1337 0
297 1285 438 1347 Sextilibus,
452 1302 495 1336 eur
513 1292 540 1336 tu
556 1302 616 1336 snus
629 1291 697 1351 petus
712 1287 801 1350 viginti
815 1301 920 1335 nummos
937 1285 1066 1345 sedenim,
1081 1299 1134 1332 euni
1151 1285 1229 1333 decen
1246 1283 1329 1332 donati

221 1354 273 1402 sint
285 1349 376 1415 equiti?
408 1353 466 1403 dum
477 1367 544 1418 aqna
554 1353 631 1402 calida
642 1352 755 1414 defuisset
767 1352 842 1403 seruis
847 1350 991 1414 serentibus,
1006 1351 1063 1413 nisi,
1080 1349 1225 1412 Sextilium,
1240 1348 1330 1397 biberes

226 1431 306 1468 mnurn
315 1431 407 1481 purum.

695 1497 724 1517 00
727 1496 862 1517 nonme

258 1577 505 1633 Addexliliuaamin
522 1578 582 1629 cod.
599 1579 745 1630 Thulen—l
763 1578 837 1630 Juut.
855 1592 896 1629 an.
916 1582 989 1629 1512.
1008 1576 1045 1626 bis
1063 1578 1163 1641 emique
1178 1575 1328 1626 aenimate.

227 1648 275 1693 -4
292 1644 322 1696 Si
332 1649 490 1708 ambulasses
499 1644 689 1694 Beverlandus.

723 1756 832 1808 NOTAE

259 1860 273 1905 l
293 1856 353 1904 Cum
368 1856 425 1905 duta
442 1855 503 1919 sint]
526 1856 555 1906 Si
574 1854 656 1921 equiti
675 1854 756 1905 cuivis
797 1855 900 1905 ordines
911 1854 1002 1905 decem
1013 1853 1175 1904 numismata.
1195 1854 1262 1905 Quae
1274 1851 1329 1902 fue·

226 1933 348 1996 sportulis
364 1932 466 1981 nomine
484 1932 575 1982 desem
592 1931 706 1982 sestertii
723 1932 757 1981 ad
798 1934 851 1984 rint
861 1935 916 1996 iila,
935 1935 992 2000 quis
1007 1933 1103 1983 audeat
1114 1930 1260 1982 affirmare?
1276 1931 1329 1981 Sed

225 2009 361 2058 emendum
376 2024 479 2073 panem,
487 2009 583 2072 edulia,
594 2016 622 2060 et
632 2010 712 2059 etiam
724 2009 757 2058 ad
797 2024 849 2058 nou
860 2011 946 2072 magni
956 2009 1034 2073 pretii
1044 2008 1124 2059 fuisse
1140 2016 1260 2073 apparet,
1271 2022 1330 2072 par·

225 2084 364 2135 bibendum
377 2085 471 2135 dentur
481 2102 489 2146 ;
501 2101 547 2135 eur
557 2092 595 2149 tu,
606 2085 757 2148 Sextilianus,
797 2086 845 2136 tim
862 2101 896 2135 ex
907 2085 984 2151 Epig.
994 2090 1035 2136 27.
1051 2084 1127 2148 infra,
1141 2086 1186 2135 ubi
1198 2085 1330 2149 appellen·

226 2162 292 2213 adeo
303 2163 507 2226 intemperanter
522 2170 548 2212 te
559 2164 636 2225 geris,
646 2169 677 2212 ut
688 2164 756 2212 solus
798 2169 842 2213 tur
862 2161 946 2223 ‘sera'
969 2162 1064 2226 partim
1086 2177 1119 2211 ex
1140 2160 1270 2226 opposito,
1294 2160 1330 2209 bis

225 2241 313 2289 vinum
331 2238 404 2289 bibas
425 2254 473 2306 pro
501 2240 594 2303 viginti
611 2239 757 2289 sestertiis?
796 2237 949 2288 deeiesbibis.
970 2238 1053 2288 (iren.

225 2318 269 2368 Sic
281 2317 447 2368 Ramiresins.
471 2317 539 2367 Vide
550 2317 700 2367 Turnebum
710 2315 757 2368 lib.
829 2319 845 2364 3
865 2315 951 2379 Calda]
979 2314 1056 2379 Aqua
1077 2312 1162 2365 calida
1182 2313 1209 2363 in
1229 2311 1329 2371 deliciis

226 2408 311 2445 rrvrrr.¹
320 2409 378 2460 cap.
386 2397 425 2443 30.
449 2392 492 2442 Ad
501 2395 570 2443 sitim
583 2394 718 2443 levandam
729 2393 756 2444 in
796 2390 947 2442 habitnfuit
964 2391 1033 2456 apud
1050 2391 1176 2456 antiquos,
1190 2390 1233 2440 vel
1252 2404 1328 2456 quern

225 2472 376 2535 spectaculo
399 2470 498 2534 longius
522 2471 648 2534 producto
670 2471 756 2522 distri·
796 2467 1329 2536 vinoinfunderent‚velquamuelitariam

225 2548 289 2597 bats
299 2547 388 2599 scribit
399 2547 494 2597 viritim
504 2562 551 2612 per
562 2547 756 2613 quatuordecim
796 2546 926 2608 biberent,
935 2546 977 2595 vel
989 2546 1070 2595 etism
1081 2559 1133 2610 qna
1143 2545 1301 2595 lavarentur.
1384 2543 1389 2550 '

721 2785 835 2898 XIlI.

658 2905 707 2954 nu
731 2904 896 2954 nusum.

227 3004 326 3069 leun
341 3006 384 3070 ad
400 3005 559 3072 Herculei
574 3008 702 3091 gelidas
714 3029 782 3094 qua
796 3008 934 3075 Tiburis
949 3030 1055 3088 essee,

270 3105 426 3192 Canaque
441 3110 596 3177 sulfureis
610 3110 737 3178 Albula
750 3111 859 3178 fumat
875 3115 974 3199 aquis
987 3136 996 3195 ;

228 3208 334 3287 Rura,
349 3230 534 3296 nemusque
550 3203 693 3294 sacrum,
708 3215 899 3300 dilectaque
908 3218 1026 3303 jugera
1041 3216 1153 3282 Musis

270 3311 387 3397 Signat
402 3316 512 3382 vicina
526 3323 665 3401 quartus
680 3319 724 3384 ab
740 3321 821 3385 urbe
835 3320 936 3404 lapis.

261 3464 314 3520 Qun
324 3464 371 3513 iter
381 3469 418 3513 est
428 3466 459 3513 ad
473 3464 594 3529 frigidum
604 3468 725 3517 castellam
736 3468 831 3519 Tiburis
842 3467 964 3532 Herculei,
978 3475 1002 3519 et
1017 3467 1106 3519 Allia
1121 3470 1222 3520 eandida
1236 3470 1327 3520 emittit

221 3528 317 3589 semem
342 3531 408 3592 aquis
431 3531 559 3591 sulfureis,·
589 3539 700 3596 quartam
717 3534 747 3582 nb
763 3534 820 3584 arbe
837 3535 967 3598 propinqua
991 3535 1093 3584 milliare
1110 3537 1219 3597 deligam
1237 3536 1327 3597 vitlem,

227 3599 251 3644 et
261 3595 350 3656 sylvam
366 3601 531 3658 consecratam,
547 3602 617 3661 utque
635 3614 707 3661 agros
722 3605 808 3661 gratos
826 3600 913 3648 Musis.
946 3600 1059 3649 Porticus
1076 3600 1184 3664 impellis
1201 3601 1325 3650 exhibebat

687 3711 866 3731 “neuneu

259 3777 273 3822 1
292 3772 347 3821 Itur
362 3774 394 3823 ud
411 3771 542 3825 Herculeus
556 3777 633 3840 gelidi
650 3755 735 3828 bodex
753 3779 854 3829 Thnsn.
886 3778 956 3827 Intus
970 3780 1002 3829 ad
1018 3777 1149 3828 Herculem
1165 3778 1242 3841 gelidi
1256 3794 1327 3843 qaum

226 3838 382 3889 Beverlaudi
396 3839 497 3890 Me.-2
516 3843 629 3907 Ganuque
640 3844 703 3893 Par.
716 3858 758 3893 an.
771 3847 843 3894 1⁷54.
862 3858 999 3908 operarum
1014 3843 1089 3908 lapsu
1101 3845 1191 3908 procul
1202 3844 1326 3894 dubio.—

226 3907 241 3952 3
258 3904 473 3970 Antraswmusque
483 3908 728 3960 eadeanssisnnsr
746 3910 1167 3973 Rsraaenusqsesaramlunt.—t
1183 3908 1325 3960 Idemced.

722 4036 832 4089 NOTAE

259 4133 273 4177 1
291 4128 416 4195 Herculei]
437 4131 567 4184 Hercules
578 4133 647 4182 enim
660 4131 757 4183 Tibure
796 4134 908 4184 vicinam
926 4135 1051 4201 intellige,
1067 4137 1112 4188 ubi
1129 4152 1144 4187 a
1160 4138 1246 4187 colore
1265 4134 1325 4187 albe

228 4204 370 4255 colebatur.
402 4206 567 4257 Tibnrbadie
580 4208 665 4258 libuli.
797 4225 874 4276 quem
907 4227 923 4261 a
958 4214 1030 4263 venis
1058 4212 1178 4264 sulfureis
1208 4214 1324 4277 trabunt,

259 4282 361 4332 scena
382 4282 479 4347 Albula]
510 4285 649 4336 Planitiem
666 4285 757 4337 Tiburi
798 4288 1118 4352 aquaeulbulaedicuntnr.

1503 1614 1504 1705 ᾧ
