3034 4900
255 342 320 410 228
614 359 652 405 Μ.
676 358 761 407 VAh.
785 358 993 407 MAR'HAMS

287 498 319 549 In
338 500 450 565 antiquis
466 500 543 552 codd.
563 503 657 551 lemma
672 508 725 552 ert:
754 502 1047 567 Iacaaipetarrouorrrmr
1078 501 1250 553 inodarett.
1271 503 1354 552 Iria·

253 565 387 627 citatcrem,
396 568 556 630 improbante
567 568 741 618 Heraion-r
754 568 913 618 Revertaudi
923 569 974 618 Ma.
993 568 1072 632 puerit
1091 568 1223 618 retraham.
1257 568 1290 617 lu
1301 569 1354 632 qui·

257 630 364 680 busdam
386 631 446 680 edd.
464 632 570 681 obsonia:
586 633 611 681 in
628 633 784 682 membranis
801 632 857 683 fere
873 633 1004 694 scribitur,
1018 634 1124 698 omorio,
1138 636 1221 683 nteit
1236 633 1354 697 innratg.

253 695 371 745 Jnntinae
382 704 478 746 nostrae
488 713 496 756 ς
506 704 543 746 'et
552 707 639 749 recte:
657 713 716 747 nam
727 699 775 749 Gr.
787 709 836 760 est,
847 697 951 760 tonan.
976 698 1133 751 Boreriandi
1144 698 1196 749 Mc.
1206 704 1298 751 tractor
1307 714 1354 763 pro

254 762 343 822 traam,
355 777 412 826 quae
424 762 503 812 uerba
513 777 585 827 rape
596 771 777 829 permutantur
789 764 813 813 in
824 763 902 814 codd.

750 892 855 943 NOTAE

287 1004 300 1049 l
321 999 409 1048 Omnia
425 1014 479 1048 cum
496 999 572 1063 retro]
591 999 784 1050 Discnmbenti·
825 999 883 1050 aet?
916 998 1018 1049 Avarus
1039 1014 1101 1049 vero
1115 1000 1302 1051 isteinvitator
1320 1001 1356 1051 ci·

253 1074 302 1125 boa
325 1073 434 1126 dominio
455 1076 630 1126 ministrantes
655 1076 724 1126 cerri
750 1077 783 1126 ad
824 1076 869 1126 bos
889 1092 977 1128 ornnes
993 1076 1081 1142 pneris
1096 1076 1220 1128 tradebat
1236 1075 1356 1128 coieren-

252 1152 334 1216 pedeo
344 1152 456 1203 stabant.
488 1153 588 1203 Seneca
599 1152 632 1202 de
644 1152 783 1203 Beneficiis
825 1152 879 1214 dos,
892 1158 920 1201 nt
931 1153 1069 1201 crastinam
1081 1152 1107 1201 in
1116 1167 1355 1205 coeuamoerraren·

253 1229 299 1281 lib.
307 1243 350 1280 nr.
360 1235 466 1295 caput.
500 1231 554 1281 ‘Ut
561 1231 669 1294 prirnnm
679 1230 784 1291 diluxit,
799 1230 803 1243 '
825 1234 882 1278 tor:
907 1229 948 1281 rel
968 1227 1035 1279 torte
1053 1228 1139 1293 pneris
1157 1244 1222 1294 quor
1243 1231 1356 1295 amabat,

253 1320 344 1356 servor
355 1307 399 1372 qui
410 1307 523 1356 coenanti
533 1305 566 1355 ad
576 1305 655 1369 pedes
662 1311 783 1365 steterat,
825 1304 985 1354 comedenda
1002 1304 1110 1369 opsonia
1129 1304 1267 1356 tradebat:
1293 1322 1356 1371 ergo

253 1391 342 1434 narrat
350 1399 408 1450 qnae
420 1385 488 1434 inter
498 1382 692 1433 coenamebrinr
703 1383 782 1432 dixia-
822 1380 913 1431 debuit
925 1392 1037 1433 mensam
1049 1396 1148 1447 ponere
1158 1396 1174 1433 a
1185 1381 1305 1447 pedibus.

732 1622 879 1689 XXIV.

544 1759 592 1806 un
616 1729 833 1807 rrnnnsrron
857 1758 1062 1809 HERNtOSO.

251 1872 350 1939 Vrrn
365 1895 487 1943 nocens
501 1896 579 1961 rosa
592 1877 703 1942 stabat
716 1878 896 1942 moriturus
911 1877 955 1942 ad
973 1897 1050 1942 aras

296 1979 433 2058 Hircus,
449 1981 597 2059 Bacche,
611 1980 679 2045 tuis
694 1981 831 2046 victima
845 1986 938 2063 grata
952 1981 1069 2046 sacris.

251 2080 361 2160 Quem
376 2083 510 2148 Tuscus
525 2096 671 2149 mactare
687 2087 764 2150 Deo
781 2105 857 2150 cum
872 2086 974 2150 vellet
986 2087 1168 2170 haruspex,

256 2258 259 2269 Ι
297 2185 442 2251 Dixerat
456 2188 578 2270 agresti
594 2189 681 2253 sorte
695 2188 839 2272 rudique
853 2190 938 2265 viro,

251 2286 300 2354 Ut
314 2292 384 2356 cito
399 2294 575 2358 testiculos
590 2298 751 2377 peracuta
764 2291 852 2358 falce
867 2301 1007 2369 secaret,

255 2463 258 2468 ,
293 2391 395 2480 Tetcr
408 2400 444 2460 ut
458 2394 640 2462 immundae
657 2395 769 2461 carnis
785 2396 892 2464 abiret
907 2396 998 2464 odor.

249 2494 332 2580 Ipse
348 2516 450 2582 saper
463 2501 590 2565 virides
605 2519 681 2566 aras
696 2502 863 2567 luctantia
876 2520 1003 2585 pronus

294 2599 382 2664 Dum
399 2609 529 2668 resecat
543 2603 650 2668 cultro
666 2601 769 2681 colla,
784 2603 971 2688 premitque
986 2621 1106 2682 mann3

986 2713 996 2752 i
1351 2739 1353 2748 .

281 2766 372 2818 Hiram
387 2785 443 2819 rcus
458 2771 565 2832 pumitia
577 2771 664 2819 corrasi
677 2770 819 2819 interiturus
834 2771 913 2820 stabat
929 2771 961 2819 aa
978 2768 1078 2830 abania,
1095 2766 1193 2817 uictima
1212 2769 1286 2828 grata
1305 2764 1355 2814 tuis

249 2833 381 2909 sacrificiis,
392 2849 407 2882 o
417 2836 532 2892 Bacche3
547 2850 614 2899 quem
625 2836 677 2885 Deo
687 2836 809 2884 immolare
819 2835 897 2884 omens
907 2835 1027 2898 haruspex
1039 2831 1198 2892 Prncmsorte
1207 2832 1304 2880 dicarat
1315 2830 1354 2879 iro·

248 2899 307 2946 mim
317 2902 409 2961 agresti
419 2906 489 2963 atque
499 2901 617 2964 imperito,
626 2905 653 2949 at
663 2900 835 2964 quamprimum
852 2905 973 2949 exsecaret
986 2898 1179 2956 terticuiarsairc
1192 2898 1355 2970 permutasti

245 2965 343 3023 panum
359 2968 416 3014 mor
428 2964 503 3023 sada
520 2967 600 3015 carnia
614 2972 769 3019 maumam.
801 2965 869 3014 Dum
885 2966 935 3027 ipra
948 2965 1260 3028 'harrropexproauasirper
1268 2960 1356 3024 altaria

247 3028 379 3086 riridaatio
395 3031 471 3079 cultro
489 3036 579 3080 resecat
592 3034 704 3080 ceruicem
714 3030 872 3092 resistentem,
883 3034 906 3079 et
917 3030 1118 3104 stringitmonu,
1136 3029 1230 3090 mande
1248 3030 1354 3075 scrotum

655 3169 657 3174 ν
673 3171 675 3173 v
708 3161 892 3182 θΙΝΙΙΙΙθθΝ

280 3245 321 3291 Dc
331 3243 404 3292 iiam
420 3243 543 3307 haruspice
557 3244 708 3296 inscribitur
723 3247 750 3296 in
761 3247 823 3298 Aid.
838 3248 913 3299 Junt.
929 3246 1012 3297 Coiin.
1028 3243 1131 3307 Gryph.
1148 3242 1228 3294 Lanu.
1246 3238 1353 3314 Junian3

247 3307 315 3358 aliis.
349 3308 389 3357 Dc
406 3309 513 3358 hernioso
528 3310 649 3373 bamrpicc
665 3312 691 3361 in
710 3313 767 3362 cod.
784 3313 983 3362 Fulminat-2
994 3308 1058 3361 Cod.
1070 3306 1146 3358 Bodl.
1159 3315 1187 3353 et
1197 3302 1355 3354 Bererlaudr

161 3401 163 3404 .
247 3373 301 3428 Ma.
317 3373 366 3423 tais
376 3375 476 3424 uictima
490 3376 564 3437 digna
579 3377 710 3428 παίω-5
727 3378 801 3430 tunt.
814 3382 945 3441 peracuta.
979 3375 1047 3428 Quia
1064 3375 1091 3423 iu
1107 3369 1184 3423 codd.
1203 3369 1315 3434 legerat,
1330 3370 1353 3416 et

247 3442 326 3502 acuto,
336 3439 418 3490 Scriv.
431 3440 515 3505 malit,
522 3442 561 3489 rea
571 3446 648 3493 acuta.

747 3538 854 3590 NOTAE

280 3654 294 3698 l
316 3649 460 3698 i'itrnoccm
470 3650 534 3714 rora]
552 3650 609 3701 Lib.
622 3666 685 3702 χιιι.
703 3652 779 3716 Epig.
820 3653 938 3702 Terentii
956 3650 1018 3701 Act.
1034 3664 1072 3699 ιν.
1091 3650 1134 3699 Sc.
1152 3651 1177 3697 4.
1201 3645 1234 3695 ab
1256 3644 1354 3707 harugar

247 3728 287 3775 89.
320 3724 472 3773 ‘Lascivum
491 3740 582 3790 pecua,
594 3735 622 3791 et
633 3728 709 3776 viridi
725 3742 777 3776 non
820 3730 976 3778 nominatur.
1010 3727 1078 3777 Nam
1086 3726 1182 3784 haruga
1191 3721 1288 3771 dicitur
1297 3720 1354 3770 hoo·

246 3801 311 3850 utiie
321 3801 433 3862 Baccho,
441 3803 495 3852 Det
504 3817 608 3866 poeoas:
626 3804 716 3853 nocuit
722 3804 778 3867 jam
821 3808 865 3867 tia,
887 3806 922 3856 ub
940 3808 1003 3855 hara
1025 3804 1120 3869 inqua
1139 3798 1307 3851 concluditur
1328 3802 1356 3846 ct

155 3887 158 3894 '
247 3883 323 3927 tener
337 3878 380 3928 iile
397 3878 474 3928 Deo!
508 3880 561 3928 Atii
570 3881 661 3945 iegupt
676 3881 778 3931 Vitcrc·
807 3892 948 3944 ‘servatum
981 3879 1098 3946 Antoni
1116 3877 1172 3927 eine
1193 3874 1352 3938 aspiratione

246 3968 294 4003 rea.
327 3954 434 4006 Judicet
446 3956 535 4005 lector.
765 4005 768 4010 .
819 3961 947 4023 oc'ribnnt,
958 3959 1009 4010 dici
1022 3954 1117 4024 po'tant
1127 3956 1201 4023 quia‘
1211 3957 1237 4004 in
1255 3969 1301 4005 ara
1317 3954 1353 4004 io·

279 4029 390 4086 aQucrn
414 4029 512 4093 Μαι]
535 4032 577 4079 Ex
593 4024 702 4092 ''l'rucim
722 4032 777 4083 sire
819 4034 993 4101 apicitextu’
1104 4061 1109 4069 ·
1209 4059 1212 4070 ·
1451 4091 1453 4098 ,

247 4106 382 4169 blattaria,
400 4108 477 4157 hodie
496 4109 520 4156 la
538 4108 650 4172 rm,
669 4109 778 4161 Romam
850 4117 866 4163 7
887 4110 994 4175 Virider]
1011 4112 1071 4163 Hoc
1088 4119 1139 4174 ert,
1155 4115 1253 4159 strutar
1270 4105 1350 4157 herba

245 4186 325 4236 allata
354 4194 394 4235 est
424 4186 598 4250 haruspicina.
636 4187 778 4253 Haruspex
817 4189 904 4239 viridi.

246 4269 343 4324 antem,
354 4269 422 4311 tecte
432 4262 538 4313 Donato
548 4263 582 4313 ad
594 4264 776 4317 Phormionem
