3034 4900
265 316 332 382 aet
482 301 484 308 ’
625 331 774 380 ιω.
796 331 1041 381 utuvrsars:

266 475 352 546 Esse
366 486 469 564 putas
484 478 657 563 Cynicum,
672 479 995 563 deeeptus'imagine
1009 480 1105 545 falsa.

309 582 391 649 Nou
405 591 459 648 est
471 582 527 647 hio
541 580 699 667 Cynicus,
715 580 859 648 cosme:
883 580 963 666 quid
979 584 1080 667 ergot
1104 584 1212 648 cauis.

263 738 368 813 purgit
384 736 446 789 oto·
466 741 586 787 extortos
606 736 703 785 tum
737 733 850 784 isse-sos
865 739 901 784 est
922 734 1035 799 cenem,
1052 747 1069 785 o
1089 735 1188 786 asne:
1205 734 1271 791 Quid
1287 733 1362 797 ergo!

264 818 338 854 cus.

765 862 877 915 NOTAE

297 970 313 1015 8
331 965 429 1015 Nosest
439 962 489 1026 tic]
503 961 600 1012 Sensus
611 967 665 1012 est:
684 959 794 1011 {stulta-
833 957 979 1009 doetuaaur
990 966 1077 1010 sutem
1088 975 1141 1009 uon
1149 958 1308 1024 urufitetsr,
1317 961 1362 1011 sed

265 1040 348 1092 bitum
366 1039 469 1106 quidem
489 1037 582 1103 Cynioi
601 1051 657 1103 pre
680 1051 708 1087 se
731 1034 795 1099 sert,
833 1036 1222 1103 mereivcssendsgeuemit.

760 1238 856 1305 LIV.

684 1372 738 1422 su
759 1371 943 1419 coetuum.
968 1416 972 1428 ,

263 1474 294 1540 0
311 1492 373 1541 out
389 1475 553 1561 Tarpeias
566 1475 664 1542 liouit
678 1474 865 1557 contingere
881 1493 1035 1559 quereus,

310 1576 349 1643 ut
359 1579 492 1645 meritas
506 1580 614 1662 prima
628 1578 758 1660 cingere
770 1576 887 1642 froude
902 1597 1035 1644 eomas:

261 1680 299 1745 Si
314 1680 417 1765 sepis,
432 1681 539 1744 utaris
553 1683 645 1766 totis,
656 1675 786 1758 Coline,
800 1679 930 1760 diebuS,

303 1781 562 1867 Extremumque
576 1785 638 1848 tibi
654 1803 786 1866 semper
800 1783 920 1847 adesse
936 1790 1046 1867 putes,

260 1885 431 1950 Lanificas
445 1886 529 1952 nulli
545 1892 609 1952 tres
622 1906 766 1951 exorere
780 1885 909 1971 puellas

304 1985 470 2070 Contigit:
493 1989 682 2069 observent,
697 2009 797 2073 quem
813 1996 976 2068 statuere,
991 1990 1091 2057 diem.

265 2090 410 2154 Divitior
425 2090 559 2176 Crispo,
574 2091 727 2157 Thrasea
741 2092 947 2160 constantior
962 2095 1051 2178 ipso,

302 2192 444 2259 Lautior
457 2200 491 2260 et
503 2194 616 2261 nitido
621 2195 671 2262 sis
685 2194 832 2261 Meliore
845 2195 943 2277 lieet3

291 2342 315 2390 0
327 2343 419 2406 Golive,
427 2359 467 2393 etis
460 2342 521 2421 sos
529 2343 581 2404 seit
597 2349 696 2407 ungues
711 2358 809 2407 oseem
825 2342 983 2406 Capitolinus,
994 2347 1018 2391 et
1027 2341 1197 2405 pritsssrosde
1214 2340 1359 2391 ticenum

236 2407 238 2418 ’
258 2410 342 2470 ὤμοι
353 2412 466 2474 eupitou
481 2410 603 2488 asapius
612 2425 646 2471 es,
658 2409 743 2471 fruere
752 2408 834 2458 ἀίεὺιω
849 2408 962 2470 integris,
972 2413 996 2459 et
1006 2409 1075 2457 erede
1082 2419 1173 2471 emper
1182 2406 1249 2457 titi
1239 2407 1360 2458 smne

257 2477 374 2525 ultimum
408 2477 484 2525 Nemo
500 2477 579 2540 potvit
586 2476 687 2551 flectere
698 2475 789 2537 puellus
799 2476 978 2534 resitutionem,
988 2473 1270 2536 eudodiurttdiemquem
1281 2475 1358 2522 decre·

152 2556 155 2559 ·
256 2546 350 2591 vemt.
384 2540 499 2597 Quemvis
515 2543 549 2592 sis
559 2541 694 2605 locupletior
705 2540 800 2602 obispo,
803 2538 926 2604 firmior
917 2554 968 2604 tuso
979 2539 1091 2601 Tirosee,
1098 2538 1358 2602 eleplesuidiorsttirio

716 2648 777 2671 om
777 2648 850 2671 0000!
851 2650 896 2670 ‘N

287 2719 475 2770 tBeverleudr
487 2720 537 2771 Ms
556 2734 655 2770 exorare
664 2732 762 2770 sorores
763 2723 810 2768 -7
828 2718 938 2785 Divitior
950 2716 1050 2766 Croeso
1042 2731 1069 2766 tu
1088 2715 1262 2781 quibusdam.
1289 2714 1360 2764 Crito

751 2832 862 2882 NOTAE

288 2926 390 2976 lOeei
406 2926 530 2992 Tarpeias]
547 2926 654 2978 Coliuus
673 2926 786 2991 adeptus
827 2933 888 2973 aeut
902 2931 928 2974 et
940 2921 1082 2974 deducunt.
1116 2923 1211 2972 Earum
1225 2935 1286 2971 vero
1303 2920 1356 2972 offi-

254 3011 312 3054 erst
321 3019 442 3055 eoronam
453 3020 468 3054 e
479 3018 586 3070 quercu,
595 3019 646 3070 qus
655 3002 785 3053 donaban-
827 2999 867 3050 eit
879 3001 917 3050 sic
934 2997 1256 3065 distinguunturapoiitis,
1274 3007 1304 3048 ut
1314 3014 1356 3049 ve·

255 3088 299 3130 tur
308 3080 421 3130 victores
432 3080 459 3129 iu
470 3081 538 3131 ludis
556 3081 785 3147 quosiultouorem
826 3078 875 3128 lint
891 3092 967 3127 rruam
985 3092 1043 3128 esse
1066 3091 1124 3142 quas
1145 3075 1226 3124 vitem
1247 3075 1356 3134 hominis

253 3156 482 3222 Jovisoapitotini
497 3156 784 3207 instituerstllomltia-
824 3155 952 3218 ordiatur,
981 3156 1089 3204 alteram
1127 3167 1185 3218 quie
1221 3158 1355 3213 conterat,

253 3246 312 3283 uus.
351 3233 492 3283 Suetonius
511 3233 538 3282 in
557 3233 708 3283 Domitiano
725 3247 782 3296 cap.
824 3237 928 3286 tertium
951 3234 1053 3284 demum
1083 3248 1141 3298 qua
1160 3230 1232 3281 utum
1260 3234 1355 3283 resciu-

253 3312 278 3358 t.
290 3315 319 3357 et
335 3308 431 3358 Noster
452 3306 528 3372 Epig.
547 3312 571 3357 l.
592 3322 680 3371 supra,
698 3316 725 3358 et
736 3307 780 3358 lib.
823 3312 878 3362 dat.
922 3312 1025 3361 senece
1045 3311 1071 3359 in
1099 3309 1214 3360 Hercule
1241 3309 1354 3359 Foreute

253 3396 317 3432 vrri.
340 3384 420 3449 Epig.
440 3388 481 3437 82.
520 3384 654 3436 luvenalis
675 3386 729 3436 Sat.
741 3400 778 3435 vr.
820 3389 899 3439 choro
911 3388 1010 3453 primo:
1025 3389 1125 3439 ‘Dure
1135 3393 1265 3451 peragunt
1275 3401 1356 3450 pensa

254 3464 313 3511 387.
347 3460 431 3511 ‘Cum
454 3460 525 3511 farre
550 3469 577 3512 et
604 3462 664 3513 virro
684 3462 781 3515 Jauuru
818 3480 928 3528 sorores,
937 3467 995 3516 Nee
1005 3479 1053 3515 sus
1062 3471 1134 3514 retro
1144 3461 1189 3512 tila
1200 3463 1356 3515 revolvunr’

251 3538 410 3604 Vestamque
424 3538 541 3603 rogabat,
547 3538 595 3591 ‚Aa
608 3539 780 3604 capitolinam
853 3547 868 3592 7
884 3541 995 3593 Deutttor
1013 3539 1109 3606 Crispo]
1125 3540 1211 3591 Fuit
1204 3554 1227 3589 rs
1246 3533 1352 3589 vitricus

251 3611 363 3664 deberet
378 3613 465 3664 Pollio
481 3629 621 3679 quercum
616 3616 736 3695 sperare,
753 3623 782 3666 et
822 3618 943 3669 Neronis
958 3616 1131 3669 Suetoniusia
1142 3615 1318 3680 Nerouecap.
1329 3621 1352 3666 6

249 3690 527 3756 tidibasprouritterel
820 3694 893 3744 ‘Sed
914 3700 942 3744 et
962 3695 1049 3759 Crispi
1067 3692 1185 3744 Passieni
1206 3693 1294 3744 vitrici
1313 3693 1352 3743 sui

284 3771 301 3816 2
318 3766 510 3830 Primufronrle]
524 3767 575 3817 Vel
586 3766 655 3833 quod
667 3768 728 3820 lovi
744 3783 783 3817 sa·
821 3770 976 3821 lraereditate
988 3771 1085 3827 ditatus
1095 3771 1153 3822 est?
1188 3771 1232 3821 De
1242 3772 1352 3821 Thrasea

251 3859 306 3908 ers,
324 3843 446 3909 velqsod
462 3844 495 3893 ab
518 3843 680 3910 Imperatore
699 3845 783 3910 prima
823 3846 964 3897 uctumlib
975 3846 1079 3912 1.Epig.
1090 3850 1115 3897 9.

251 3920 315 3972 deta
325 3920 412 3971 iuerat
423 3922 637 3973 omniumviutori
648 3922 747 3973 Colino.
853 3927 869 3972 8
886 3923 988 3975 heliu
1001 3927 1025 3973 et
1045 3919 1133 3985 uitirlo]
1156 3921 1227 3981 Huic
1247 3888 1350 3972 Meliori

283 4004 299 4048 ὅ
314 3998 445 4065 heitom]
462 3999 521 4049 Hoc
536 4009 589 4063 est,
599 4007 653 4050 tres
671 3999 780 4062 Parcas,
821 3999 1065 4049 librumsecuudum
1073 3999 1210 4064 sylvarum
1222 3998 1349 4048 dedicavit

250 4074 355 4138 Cimon,
371 4076 517 4135 tacuerim,
526 4084 555 4125 et
573 4075 702 4140 Atropou,
717 4092 778 4142 que
820 4076 929 4137 Statius.
961 4076 1067 4144 Nitidus
1078 4076 1185 4139 dicitur,
1202 4076 1272 4145 quod
1279 4078 1346 4141 laute

249 4149 372 4203 dicuutur
392 4151 480 4201 metiri
499 4150 577 4201 vitatu
594 4151 724 4203 homiuum
744 4167 778 4201 ex
819 4153 1010 4205 convivaretur.
1021 4152 1120 4205 utun.
1133 4153 1262 4220 Epium.

249 4225 311 4275 fusis
328 4233 357 4277 et
378 4227 530 4281 stsuriuilrus
551 4242 650 4294 quaeex
661 4243 708 4279 sua
720 4228 779 4278 colu
