3034 4900
573 337 613 385 ld.
637 333 724 386 vrb.
748 333 957 383 irrumpis

301 479 396 560 Quas
410 479 506 545 novit
516 499 614 559 unus,
626 480 819 565 scrinioque
834 480 984 564 signatus

300 581 457 649 Custodit
470 582 545 668 ipse
559 580 694 667 virginis
708 588 805 667 pater
819 582 944 648 chartae
957 601 967 663 ;

301 683 390 764 Quae
403 685 480 750 trita
494 684 575 751 duro
588 705 655 751 uon
669 684 835 759 inhorruit
848 690 974 750 mento.

303 784 437 853 Mutare
451 785 620 852 dominum
635 807 701 852 non
714 794 830 872 potest
843 789 928 854 liber
943 794 1052 853 notus.

302 889 369 955 Sed
383 890 556 975 pumicata
566 890 674 956 ironte
688 892 719 956 si
735 892 813 976 quis
828 896 881 957 est
895 889 1055 970 nondum,

221 1037 225 1040 -
302 991 339 1059 N
339 1012 378 1058 cc
392 994 561 1058 umbilicis
575 993 700 1074 cultus,
714 999 814 1080 etque
827 996 1039 1060 membrana:

302 1094 456 1163 Mercnre
473 1095 557 1162 talos
573 1095 671 1176 adeo,
687 1117 750 1164 neo
763 1098 849 1163 sciet
863 1097 1053 1182 quiequam.

302 1197 427 1264 Aliena
440 1197 593 1284 quisquis
607 1187 736 1279 recitat,
751 1204 784 1265 et
797 1200 887 1283 petit
900 1200 1025 1264 famam
1038 1219 1048 1279 ;

305 1298 386 1366 Non
401 1319 509 1366 emere
522 1300 653 1379 librum,
667 1300 726 1366 sed
741 1301 912 1367 silentium
926 1299 1036 1394 debet.

217 1471 275 1540 ereo
284 1470 364 1516 minut
373 1467 437 1520 cotue
452 1480 539 1545 parrae
548 1466 652 1532 uirginis
660 1468 761 1531 oberte,
779 1483 831 1533 quer
845 1468 934 1545 attrita
952 1482 999 1545 noe
1009 1465 1135 1516 exhorruit
1144 1469 1224 1516 mento
1234 1477 1325 1541 aspero·

681 1857 862 1880 mm
871 1833 880 1850 .

219 1951 274 1988 cure
281 1939 342 1990 tuter
351 1939 382 1989 ct
397 1940 541 1991 concertet
550 1940 674 2005 mbquurn
683 1940 710 1990 in
720 1940 781 1993 Ald.
792 1940 869 1993 Jant.
883 1939 967 1991 (tulin.
977 1945 1006 1991 et
1015 1938 1146 1996 aiiio‘vett.
1161 1935 1218 1987 abeo
1231 1934 1329 1986 babent

220 2003 297 2056 codd.
308 2004 479 2055 Peiutdtobeo
495 2006 553 2056 cod.
564 2006 627 2058 Put.
643 2006 711 2057 unde
723 2006 855 2057 Heraldne
872 2006 911 2056 sic
923 2004 1089 2056 scribendum
1106 2009 1200 2068 putet:
1218 2003 1329 2051 Merme

220 2067 295 2127 ⁸⁰¹⁶}
310 2069 400 2129 him
414 2071 526 2122 nutriet
536 2070 668 2136 qaimm.
694 2072 854 2123 Scriverius:
871 2073 1002 2122 Meteon.-
1017 2072 1079 2121 teter
1088 2066 1329 2131 ammonariae

219 2130 283 2196 Alii,
301 2134 425 2203 Mercure:
443 2137 504 2186 tuter
520 2134 608 2195 trabem
622 2151 666 2186 nec
684 2137 743 2187 eciet
760 2137 891 2202 qubqucm.
924 2136 1056 2196 Melinum,
1072 2140 1101 2185 et
1111 2140 1202 2198 poetea
1218 2131 1283 2182 Ant.
1294 2130 1328 2181 de

221 2196 307 2261 liooy‚
324 2199 394 2264 conj.
410 2200 521 2251 Mercure
538 2204 599 2252 tuter
612 2203 685 2260 adeor
713 2202 787 2267 cujus
808 2202 926 2253 meminit
944 2203 1022 2252 etiem
1044 2198 1184 2251 Herelduo.
1201 2199 1259 2247 odeo
1280 2210 1328 2261 pro

221 2261 230 2287 ‘
241 2264 397 2327 propterea:
405 2270 435 2315 ut
445 2266 559 2330 eaepiue3
576 2266 618 2317 vel
630 2266 681 2316 viui
692 2266 816 2332 explendi
826 2268 912 2318 babet.
941 2266 1008 2316 Vide
1018 2265 1121 2316 Duker.
1134 2263 1167 2313 ed
1178 2262 1245 2313 mor.
1257 2275 1277 2311 1.
1288 2264 1329 2313 1&

221 2329 264 2377 2⁶.
274 2334 302 2377 et
311 2328 492 2395 Snakenburg.
509 2331 542 2380 ad
555 2332 630 2382 Cort.
639 2345 684 2381 ιιι.
693 2335 719 2381 7.
730 2335 755 2382 t.
782 2332 837 2383 Pro
850 2332 910 2382 πᾶσι
921 2337 1010 2381 temen
1020 2330 1089 2380 idem
1099 2329 1164 2380 Ant.
1175 2327 1250 2377 malit
1259 2326 1330 2389 aciat,

221 2390 283 2442 lue.
304 2408 366 2443 cura
384 2394 587 2462 quibuscumque
609 2395 724 2462 potuerit
735 2397 838 2460 modin,
855 2396 1034 2463 nequisquam
1050 2394 1250 2444 resciscet-18
1267 2390 1329 2441 Aid.

221 2455 296 2509 Junt.
308 2459 391 2512 colio.
401 2461 503 2527 Grypo.
513 2460 620 2514 Jooieu.
633 2463 730 2528 Delph.
739 2463 840 2528 aiiee‚et
851 2461 1144 2528 qwritsomom,contra
1153 2463 1276 2510 metrum.

720 2608 832 2661 NOTAE

221 2727 280 2778 qum
291 2716 404 2766 nondum
415 2716 442 2766 in
453 2717 538 2767 lueern
547 2718 618 2771 edita
629 2725 698 2769 eunt.
798 2716 903 2781 bantur,
911 2729 971 2767 cnm
980 2717 1006 2767 io
1016 2717 1101 2767 lucem
1113 2715 1173 2767 libri
1181 2714 1330 2764 ederentur.

253 2796 269 2842 7
290 2791 398 2856 lirgiuie
415 2799 486 2859 poter
502 2795 604 2859 cburtoe]
622 2796 756 2859 Virginem
831 2798 861 2843 ll
879 2794 932 2844 Nee
942 2793 1059 2843 umbilicis
1066 2791 1154 2856 muru]
1171 2791 1203 2842 ld
1220 2797 1270 2855 eet,
1284 2790 1330 2841 ba·

221 2868 339 2918 chortem
351 2876 436 2933 voert,
447 2885 507 2934 qnae
518 2871 633 2921 nondum
650 2871 699 2921 viri
710 2871 756 2921 aii·
797 2869 863 2920 cillia
874 2870 985 2920 cedrinis
1002 2871 1044 2921 rel
1063 2869 1156 2921 bnxeie
1173 2883 1252 2934 cuper
1266 2883 1330 2935 quoe

222 2944 595 3009 cujuomeuuettritefueret.
623 2948 755 3012 Poter]ld
797 2949 955 3000 membrauae
966 2949 1176 3000 involverentur:
1192 2945 1286 3012 quibua
1303 2946 1330 2996 in

223 3026 275 3086 eat,
283 3021 423 3071 carminum
434 3030 535 3089 auctor.
568 3023 756 3088 Velvirginem
796 3026 918 3078 volumen
929 3025 1101 3091 complicatis,
1110 3025 1137 3074 in
1145 3024 1231 3074 medio
1242 3022 1332 3074 ntrim·
1428 3076 1430 3081 ⁴

223 3101 343 3151 obertum
368 3099 495 3166 intellige,
521 3115 555 3150 ex
581 3117 633 3167 que
657 3103 756 3154 nullum
797 3117 848 3167 que
868 3101 1016 3167 apparebat
1032 3099 1330 3164 lignum,etideodiee·

223 3178 360 3241 exemplar
370 3175 553 3240 transcriptum
565 3177 608 3227 eit.
796 3177 873 3229 betur
882 3176 1052 3228 similitudine
1060 3177 1171 3242 quedam
1180 3176 1330 3227 umbilicum

174 3298 185 3315 ,
255 3259 272 3304 8
288 3255 359 3304 Doro
377 3252 467 3316 mento]
484 3253 560 3304 Dicit
581 3253 666 3304 Poeta
683 3255 755 3305 cbar-
791 3261 825 3325 ¹et
836 3270 895 3305 cnm
908 3256 929 3304 io
939 3269 989 3305 uon
1002 3260 1152 3304 moneretur
1163 3252 1331 3314 membranis,

122 3320 129 3327 ’
224 3337 276 3381 tem
287 3330 426 3383 multorum
440 3329 568 3379 lectorum
583 3329 702 3381 manibus
718 3337 756 3381 et·
796 3330 939 3395 nisiopere
953 3331 1009 3394 jem
1026 3329 1155 3391 absoluto,
1171 3330 1331 3378 bincnatum

223 3412 365 3462 trectetem
376 3405 507 3456 humidam
524 3405 580 3456 fieri
598 3416 695 3472 mento,
706 3409 755 3460 boo
796 3405 962 3470 proverbium
975 3405 1008 3455 ad
1020 3404 1169 3456 umbilicum
1179 3404 1332 3469 perducere,

223 3490 273 3547 eet,
291 3481 348 3532 fieri
369 3482 478 3547 pilosam
489 3487 518 3532 et
536 3482 679 3547 barbatam,
694 3483 754 3535 dum
797 3481 824 3532 id
841 3489 890 3546 est,
909 3482 1044 3533 absolvere
1058 3482 1160 3532 librum.
1194 3479 1331 3531 Umbilicie

223 3575 272 3609 uon
291 3559 422 3621 atteritur,
431 3565 460 3610 et
474 3558 546 3609 beria
562 3566 661 3624 captat.
678 3561 755 3627 Epig.
797 3565 884 3610 autem
895 3558 1331 3624 effigirolebantcepitnlecornea‚
1410 3604 1412 3607 .
1499 3528 1504 3569 A

223 3640 249 3687 dr
260 3650 347 3700 sopra,
357 3641 385 3684 et
395 3634 440 3686 lib.
452 3648 480 3686 x.
495 3636 574 3700 Epig.
585 3641 626 3688 93.
797 3652 882 3700 osaea,
902 3639 944 3687 rel
965 3636 1091 3700 eburnea,
1120 3641 1227 3685 ornatus
1243 3650 1334 3700 caure,

251 3716 283 3761 10
291 3709 520 3774 Pumicotofroute]
530 3712 708 3763 Fontes-riori
716 3728 755 3764 ere
797 3728 855 3779 qnae
873 3714 1024 3779 plerumque
1040 3712 1171 3763 coloribus
1189 3711 1332 3776 pingeban-

225 3793 287 3837 eunt
302 3786 484 3837 extremitates
502 3786 759 3855 membranaeinep'i·
799 3796 851 3852 tur,
861 3795 890 3839 et
907 3790 1068 3842 vocabantur
1084 3801 1190 3840 cornua.
1226 3788 1269 3838 lta
1281 3787 1332 3838 Re·

225 3879 280 3918 rem
299 3863 542 3930 complicemque
560 3860 758 3941 pumiceopolie·
797 3866 925 3919 miresim.
