3034 4900
607 353 646 401 bl.
669 351 754 401 Valla.
778 347 985 402 Mamurra

715 627 890 697 XXXII.

666 749 722 799 ,nu
747 747 928 796 nunonro.

252 852 288 918 H
291 869 333 918 es
348 854 420 932 tibi,
432 852 575 931 Pboebe,
589 857 692 937 voret
705 857 796 917 totos
812 871 834 915 a
848 843 968 917 vertice
980 849 1092 916 crines

294 955 477 1041 Encolpus,
493 955 619 1022 domini
633 953 839 1021 centurionis
854 972 979 1018 amor:-

252 1057 358 1124 Grata
372 1058 506 1125 Pudens
519 1060 631 1125 meriti
645 1058 757 1124 tulerit
772 1078 849 1123 cum
866 1058 1008 1141 praemia
1020 1057 1094 1143 pili,

294 1160 405 1241 Quam
417 1163 560 1247 primum
569 1165 699 1248 longas,
715 1161 855 1240 Phoebe,
870 1161 982 1226 recide
997 1179 1123 1227 cernas,

251 1264 342 1330 Dum
357 1266 448 1330 nulla
462 1268 565 1332 teneri
579 1267 714 1331 sordent
727 1265 887 1348 lanugine
902 1266 1027 1344 vultuS,

295 1367 455 1453 Dumque
470 1369 588 1435 decent
600 1369 688 1435 susce
702 1367 813 1434 lactea
827 1368 917 1432 colla
925 1367 1040 1453 jubae:

252 1468 366 1555 thue
381 1472 447 1536 tuis
461 1472 603 1557 longum,
620 1473 855 1557 dominusque,
871 1491 1024 1557 puerque
1038 1472 1168 1539 fruatur

294 1571 507 1654 Muneribus,
521 1583 657 1641 tonsum
670 1575 725 1641 fac
740 1576 820 1655 cito,
835 1595 909 1642 sero
922 1576 1042 1643 virum.

284 1750 310 1801 0
330 1752 422 1816 Apollo,
440 1750 567 1817 Encolpio,
584 1752 677 1802 delirio
689 1749 836 1801 centurionis
846 1751 886 1800 aui
904 1751 965 1815 beri,
981 1749 1027 1802 tibi
1040 1755 1157 1801 eoram
1175 1748 1356 1813 romundo

251 1817 345 1881 capitia.
379 1819 440 1866 Cum
453 1814 546 1868 Pudens
555 1832 581 1867 re
623 1816 846 1877 toneritiuoardom
857 1819 985 1867 mercedem
993 1817 1040 1881 pili
1053 1816 1137 1874 debiti,
1151 1816 1244 1878 tutin,
1258 1814 1354 1876 Paete,

251 1881 356 1932 rescinde
366 1883 447 1943 longor
457 1883 540 1932 erineo
572 1834 638 1932 qum
649 1883 728 1939 molier
739 1896 809 1943 geaoe
825 1884 930 1932 nondum
945 1884 1052 1947 squalent
1069 1881 1142 1931 barba
1156 1882 1254 1942 receuti,
1264 1885 1288 1930 et
1298 1883 1354 1930 dam

240 1947 331 2011 'curtilli
348 1947 425 2011 rpnrai
442 1952 528 1996 ornant
546 1950 660 1998 ceruicem
680 1962 787 1997 reorum:
811 1948 876 2013 effice
893 1952 921 1996 al
938 1948 1070 2011 Encolpos
1089 1946 1197 1997 celeriter
1213 1948 1355 1996 tondeatur:

251 2014 320 2062 tarde
332 2012 529 2078 tamenoirfiat,
539 2013 648 2064 atberuo
658 2017 772 2063 durem
782 2010 827 2061 dia
834 2011 1103 2076 potianturtairdoaia.

713 2108 895 2143 Μυκονίου

285 2196 299 2240 l
317 2190 467 2243 D’Orleana
477 2193 542 2258 legit
553 2197 636 2255 tulos,
647 2190 707 2257 quia
717 2189 889 2242 calamistrati
900 2188 937 2238 illi
948 2188 1038 2254 capilli
1050 2195 1077 2239 et
1087 2187 1190 2239 retorti.
1206 2185 1353 2250 Aliquando

251 2256 375 2319 putabam
395 2263 473 2309 tooror
489 2273 546 2309 erse
563 2257 710 2323 legendnm,
721 2263 750 2306 et
770 2255 808 2306 sic
821 2255 925 2306 tandem
938 2254 1040 2318 reperio
1057 2255 1083 2304 in
1097 2253 1214 2317 margine
1225 2251 1300 2303 lunt.
1311 2265 1353 2300 rue

253 2336 343 2385 penes,
353 2324 401 2373 bec
412 2324 498 2386 modo,
509 2329 628 2374 toron-6
640 2324 707 2374 Sunt
718 2322 762 2387 qui
772 2321 824 2372 boc
842 2322 901 2371 ioco
920 2321 1019 2386 legant,
1031 2318 1110 2383 farre
1120 2321 1196 2369 lactea
1206 2318 1265 2368 colla
1275 2331 1354 2367 waic.
1378 2324 1382 2328 ’

252 2391 300 2436 -t
318 2388 479 2450 Profrrctar
489 2390 649 2440 Pulmannua
659 2387 871 2450 babetfraaatar.

745 2541 855 2595 NOTAE

284 2647 300 2692 3
318 2643 423 2693 Promea
432 2643 489 2708 pili]
514 2643 575 2693 Hoc
595 2650 646 2706 est,
663 2641 709 2692 ubi
727 2642 782 2706 pri·
820 2643 881 2691 barn
888 2640 987 2691 Phoebo
999 2653 1161 2690 consecrare.

252 2734 322 2772 mum
345 2720 450 2770 Pudens
472 2735 544 2769 meua
563 2720 681 2769 dirminua
703 2717 784 2769 fuerit
855 2718 939 2768 8Fae
948 2716 1008 2781 cilo]
1023 2718 1062 2767 Ut
1079 2716 1184 2766 Pudens
1199 2713 1247 2764 fiat
1265 2711 1354 2778 primi·

251 2795 338 2847 factua
349 2796 503 2861 primipilus,
521 2812 567 2846 seu
583 2796 680 2861 primus
692 2796 783 2860 prima
822 2795 899 2861 pilus.

252 2873 364 2924 cohortis
381 2876 515 2924 centurio:
540 2873 619 2922 moria
640 2873 703 2922 vere
725 2878 784 2921 erat
854 2871 1020 2936 SerooiramJ
1032 2870 1065 2921 Id
1076 2876 1127 2935 cst,
1137 2884 1197 2920 sero
1206 2868 1334 2919 adultum.

252 2950 321 3014 apud
331 2952 450 3016 antiquos
465 2964 551 3000 couraa
565 2955 593 3000 et
606 2949 715 3014 primam
725 2948 784 3001 bar·

601 3138 606 3147 ’
704 3168 899 3235 xxxnr.

664 3307 715 3355 nn
739 3306 938 3355 sanrnrurr.

253 3407 338 3473 Nou
356 3428 434 3474 amo
448 3414 493 3484 tc,
509 3407 639 3490 Sabidi,
653 3429 717 3474 nec
731 3429 873 3494 pessum
887 3408 997 3473 dicere
1013 3426 1134 3491 quare:

294 3512 373 3577 Hoc
387 3518 518 3577 tuntum
532 3531 675 3596 pessum
689 3513 813 3593 dicere,
826 3531 895 3578 non
911 3531 989 3577 amo
1005 3518 1050 3575 te.

250 3664 308 3783 dil?
318 3664 412 3780 Spbidi
422 3679 469 3715 oon
478 3664 553 3729 diligo
564 3669 597 3730 te,
607 3667 831 3717 oeconleoreddere
841 3664 974 3714 rationem:
989 3664 1032 3714 loe
1042 3676 1115 3713 anan
1124 3660 1201 3710 dicere
1211 3658 1286 3723 enlm,
1296 3658 1352 3708 Non
1419 3647 1431 3695 ζ

293 3746 326 3794 go
348 3746 370 3782 e.

647 3802 651 3807 '
712 3809 891 3830 mammea·

283 3894 324 3944 Aa
334 3893 457 3946 &vidium
467 3895 493 3945 iu
502 3894 544 3945 ed.
555 3893 749 3945 Pulmanni.-·l
767 3894 824 3943 Nor
833 3909 887 3945 nmo
897 3899 922 3944 te
932 3892 1017 3943 Sabidi
1026 3892 1097 3943 idem
1107 3891 1275 3942 Pulmannus.

744 4023 853 4074 NOTAE

284 4128 299 4172 l
317 4122 369 4172 Nec
376 4122 481 4186 poem]
498 4123 549 4172 Vel
559 4122 628 4187 quod
639 4127 695 4172 tota
705 4120 777 4171 Sabi·
819 4137 889 4172 mum
900 4135 958 4196 ease
968 4126 995 4171 in
1007 4117 1113 4170 Sabidio
1130 4117 1258 4181 flagitium
1275 4116 1351 4165 intel·

250 4199 288 4249 dii
309 4206 412 4263 natura,
431 4201 529 4260 rullus,
558 4214 642 4249 morer
663 4199 783 4249 Martiali
818 4199 885 4264 ligit,
911 4199 980 4265 qued
1007 4198 1140 4250 nominare
1167 4210 1220 4247 non
1247 4195 1351 4245 audeat.

249 4275 425 4341 displicerent,
443 4276 485 4325 vel
500 4274 571 4326 forte
587 4276 691 4341 aliquod
711 4290 781 4327 aum·
819 4275 882 4341 Alii,
897 4276 1030 4327 decidium.
