3034 4900
239 332 284 398 20
518 346 752 400 rusuruourn
777 350 826 399 ur
849 346 1059 402 unsarans.

445 543 448 547 -
526 498 636 567 Vetus
652 499 867 568 Glossarium
880 500 1045 568 Latinum.

282 630 416 712 Petaso,
431 632 629 717 Petasonis3
650 657 764 721 perna,
778 637 929 702 haconis.
974 632 1144 699 Martialis
1156 630 1314 718 Goquus:

412 735 456 800 Et
471 736 597 818 pultem
614 736 749 802 dubiam
765 757 840 803 eum
856 745 1019 824 petasone
1034 756 1143 804 roras

282 835 386 902 Extat
399 838 475 903 Lib.
491 854 547 902 ιιι.
577 840 692 923 Epigr.
706 841 761 905 77.
777 841 836 904 nbi
851 841 963 924 vulgo,
986 839 1050 905 ‘Et
1062 839 1201 924 pulpam
1213 836 1337 904 dnbio?

238 938 407 1021 Laudatur
430 941 473 1006 ab
501 941 615 1006 eodem
632 938 885 1024 Glossographo
898 942 998 1007 etiam
1014 942 1107 1020 alibi,
1120 949 1154 1007 et
1167 944 1231 1006 snb
1247 941 1337 1006 Mar·

150 1054 154 1058 ‘
238 1040 326 1105 tialis
342 1042 452 1127 Coqui
466 1033 601 1107 nomine
615 1050 779 1127 praeterea
792 1044 967 1126 longinum
981 1042 1044 1110 hoo
1060 1044 1256 1110 Distichon:

388 1143 537 1226 Defungi
551 1142 661 1226 fungis
676 1143 837 1224 homines,
854 1146 1017 1227 Macrine,
1031 1147 1198 1231 negabas:

452 1246 564 1311 Boleti
576 1246 636 1310 leti
650 1265 754 1311 causa
768 1244 858 1312 luere
873 1249 933 1315 tui.

418 1410 570 1496 Angelus
585 1346 784 1490 Politianris,
800 1380 988 1481 Miscellan.
1005 1435 1079 1501 cap.
1095 1417 1127 1482 6.

233 1498 239 1513 ⁸
283 1545 392 1612 Nimis
406 1547 494 1646 enim
507 1548 592 1613 foret
605 1548 779 1614 insubidas
794 1547 925 1616 Podta:
946 1551 1035 1636 quod
1046 1551 1141 1618 nolas
1155 1552 1302 1620 credere.

518 1732 524 1737 ·
657 1709 751 1781 Idam
767 1737 846 1802 cap.
861 1717 914 1784 52.

278 1850 368 1915 Sane
382 1871 445 1935 per
458 1854 563 1916 totum
579 1851 795 1934 Epigramma
808 1848 938 1935 signate
951 1870 1035 1918 usus
1049 1858 1100 1918 est
1113 1853 1223 1919 verbis
1233 1872 1332 1937 argn-

234 1953 383 2019 tissimus
397 1951 517 2032 Podta,
532 1955 593 2018 &a
616 1959 655 2018 nt
669 1953 720 2018 sic
742 1952 809 2019 hoc
835 1953 1085 2039 Epigrammata
1107 1956 1190 2022 nihil
1214 1957 1329 2042 utique

107 2099 110 2106 -
203 2142 208 2153 ἣ
235 2057 445 2142 pensitatius

421 2223 515 2289 Idem
530 2225 566 2289 in
581 2223 834 2291 Declamatione
847 2244 910 2310 pro
925 2223 1144 2303 Quintiliano.

275 2362 324 2427 Ut
345 2363 388 2425 ab
409 2359 675 2443 ingeniosissimo
694 2359 890 2426 Latinorum
911 2359 1197 2444 Epigrammatum
1211 2359 1329 2444 polita,
1408 2332 1411 2343 ⁸

231 2471 266 2531 et
280 2471 291 2499 ‘
304 2484 400 2547 vagae
412 2464 600 2548 juventutis
613 2462 823 2544 moderator,'
842 2472 877 2530 et
899 2469 909 2500 ‘
925 2462 1087 2529 Romanae
1102 2463 1209 2545 gloria
1220 2462 1328 2547 togae'

230 2588 307 2635 vere
321 2568 479 2633 meruerit
493 2566 666 2652 appellari.

310 2720 333 2786 J
336 2720 477 2785 avianus
491 2718 679 2799 Pantanus,
692 2719 752 2806 lib.
769 2736 825 2783 ιιι.
841 2719 884 2785 de
901 2719 1071 2798 Sermone,
1086 2738 1163 2804 cap.
1179 2717 1232 2785 18.
1310 2729 1315 2738 “

271 2853 430 2921 Valerius
440 2852 609 2918 Martialis
620 2852 916 2921 artificiosissimus
925 2853 1211 2939 Epigrammatum
1218 2854 1326 2939 scrip-

229 2965 293 3036 tor,
316 2957 366 3022 ita
385 2956 422 3019 in
447 2956 490 3020 iis
509 2954 646 3038 quidem
657 2954 798 3039 jocatus
821 2961 885 3035 est,
899 2961 944 3022 ut
968 2955 1176 3038 frequentius
1197 2961 1325 3040 carpat,

175 3095 179 3100 ·
228 3080 332 3146 quam
345 3059 509 3124 delectet:
530 3057 661 3123 tametsi
684 3077 704 3121 e
725 3057 936 3124 demorsione
954 3059 1032 3143 ipsa
1046 3058 1225 3123 delectatio
1240 3063 1326 3142 quoss

157 3237 162 3252 x
228 3183 296 3248 que
310 3163 447 3246 paritur.
490 3159 622 3225 Adhaec
637 3160 738 3225 dictis
751 3161 826 3247 ejus
848 3162 969 3245 partim
988 3158 1220 3226 occultissima
1233 3179 1325 3244 quae-

227 3265 305 3330 dam
319 3266 434 3329 insunt
448 3262 596 3348 spicula3
618 3262 738 3344 partim
759 3265 866 3329 verba
879 3283 954 3349 qnae
968 3282 1036 3327 non
1052 3260 1161 3325 solnm
1178 3280 1200 3325 a
1213 3261 1325 3327 faceto

227 3368 296 3433 sint
310 3366 432 3442 aliena,
443 3384 558 3430 verum
570 3369 628 3428 aut
636 3364 798 3430 obscoena
811 3366 888 3449 ipsa
902 3362 1081 3430 admodum
1094 3361 1323 3446 scurriliaque,

227 3474 287 3534 aut
300 3468 449 3534 maxime
463 3465 653 3552 ampullosa
666 3472 700 3531 et
707 3466 827 3533 acida:
843 3465 931 3550 quod
946 3463 1081 3549 quidem
1097 3463 1324 3548 Hispanicum

226 3577 290 3637 est.
335 3570 421 3635 Sunt
434 3576 544 3634 tamen
558 3568 649 3635 dicta
663 3568 739 3655 ejus
752 3570 788 3635 in
806 3569 995 3634 universum
1008 3570 1132 3649 arguta,
1146 3565 1324 3631 subtiliter·

227 3672 508 3756 queconquisita3
524 3671 693 3736 abstrusae
705 3670 890 3747 sententiae,
902 3668 1198 3752 eaedemqnerarae,
1210 3667 1323 3747 salsae,

227 3775 410 3844 aculeatae:
425 3773 630 3839 inventiones
639 3791 717 3837 varo
731 3772 879 3837 maxime
894 3778 1025 3837 acutae:
1039 3770 1140 3836 verba
1154 3770 1322 3856 praecipue

227 3875 494 3953 accommodata,
506 3893 653 3958 quaeque
677 3892 744 3938 non
766 3874 874 3957 prima
895 3878 1029 3937 tantum
1051 3869 1150 3950 facie,
1164 3878 1266 3955 atque
1286 3874 1322 3937 in

226 3980 305 4062 ipso
321 3979 506 4063 explicatu,
520 3976 679 4041 lectorem
693 3976 840 4041 alliciant
859 3980 962 4059 atque
979 3973 1183 4057 auditorem
1205 3994 1320 4039 verum

227 4101 304 4166 quaa
319 4082 355 4145 in
369 4080 444 4165 ejus
458 4081 572 4145 animo
586 4078 776 4163 relinquant
790 4078 930 4144 tacitam
943 4075 1112 4160 quandam
1127 4077 1224 4161 quasi
1241 4077 1320 4142 sub·
