3034 4900
236 351 279 414 74
597 361 636 408 u.
661 360 745 409 vnn.
770 354 978 407 esuristis

237 509 274 559 sic
284 509 375 571 legunt
385 506 514 556 Gruterus
527 508 555 554 et
563 503 715 554 Scriverius.
749 503 840 553 Codex
850 500 1006 552 Bodleiauus
1015 498 1136 550 exhibet:
1160 497 1225 554 Quia
1235 497 1334 562 dignum

235 579 302 624 tanto
313 572 435 635 venerique
444 570 552 634 gulaque
560 568 691 634 precator?

734 649 841 701 NOTAE

234 752 355 803 meritum
376 749 465 800 boleto
491 754 619 798 venenato
644 746 765 798 extinxit.
805 748 892 797 mino:
933 743 978 796 sed
1008 744 1096 808 quoles
1126 728 1249 792 Claudios
1279 739 1337 790 edit

233 828 328 882 Joven.
352 826 408 876 Sat.
433 840 461 876 v.
494 824 616 876 ‘Vilibus
639 824 766 888 ancipites
806 823 877 873 Ante
889 822 960 872 illum
971 821 1067 886 uxoris,
1078 821 1139 884 post
1149 833 1226 884 quem
1237 818 1273 868 nil
1284 831 1336 868 snu-

234 906 313 972 fungi'
324 912 455 972 ponentur
473 904 571 968 amicis,
592 904 700 954 Boletos
720 902 766 952 do·
807 902 874 966 plius
886 899 957 952 edit!

722 1122 854 1189 XXII.

455 1262 504 1310 nn
528 1258 702 1310 conssul
728 1260 775 1308 nr
799 1244 917 1308 uncio
939 1255 1129 1306 scavous.

236 1366 321 1432 Ceu
337 1373 468 1452 peteret
481 1384 592 1449 regem
607 1365 751 1447 decepta
763 1363 904 1428 satellite
918 1359 1045 1438 derue,

278 1471 424 1555 Ingessit
439 1470 546 1535 sacris
562 1488 599 1533 se
614 1468 761 1554 peritura
772 1467 870 1532 focis.

237 1573 304 1639 Sed
320 1580 387 1638 tam
403 1591 495 1656 saeva
510 1572 589 1655 pius
602 1570 767 1635 miracula
780 1589 845 1633 non
860 1568 936 1634 tulit
949 1565 1083 1643 hostis„

279 1675 323 1739 Et
338 1682 473 1760 raptum
487 1674 630 1739 flammis
640 1673 745 1757 jussit
759 1672 852 1736 abire
865 1671 982 1737 virum.

237 1778 343 1844 Urere
359 1797 463 1863 quam
477 1778 589 1861 potuit
603 1781 770 1841 contemto
786 1775 921 1840 Mucius
936 1775 1021 1856 igno,

279 1880 382 1946 Hanc
398 1889 551 1967 spectaro
565 1879 698 1945 manum
715 1878 870 1943 Porsena
885 1896 953 1942 non
967 1874 1088 1961 potnit.

236 1982 350 2068 Major
365 1984 515 2069 deceptae
530 1983 621 2049 fama
635 1989 686 2048 est
700 1988 733 2047 et
746 1984 852 2066 gloria
864 1983 1015 2046 dextrae:

278 2085 317 2150 Si
332 2106 400 2151 non
413 2092 567 2166 errasset,
582 2087 707 2151 fecerat
721 2085 781 2150 illa
793 2086 914 2150 minus.

267 2255 335 2303 Dum
344 2268 426 2304 munus
436 2255 558 2306 invaderet
573 2270 654 2317 regem
669 2257 766 2320 decepto
786 2271 802 2305 o
816 2254 931 2318 stipatore
945 2253 1056 2316 perituro
1071 2251 1173 2302 immisit
1183 2265 1208 2301 re
1226 2251 1252 2299 ia
1270 2250 1338 2313 ignes

234 2334 329 2377 sumna·
343 2322 384 2369 red
393 2320 467 2369 tono
484 2321 574 2385 pietate
590 2325 667 2370 motus
682 2337 729 2371 corr
745 2336 830 2384 masos
847 2325 884 2370 est
892 2321 1034 2383 ,prodigium
1044 2321 1102 2367 odeo
1112 2316 1195 2378 feroc,
1211 2320 1282 2379 atque
1296 2316 1340 2364 irr-

229 2384 328 2449 pernoit
339 2385 429 2434 dimitti
440 2386 516 2434 uirum
524 2386 616 2449 colgus
624 2390 738 2450 eratum.
763 2387 870 2436 Porseuo
880 2401 927 2434 nors
935 2385 1011 2449 potuit
1023 2383 1127 2447 aspicere
1138 2382 1340 2442 modestorum,

235 2464 417 2514 quamcremore
436 2454 515 2514 potuit
527 2451 623 2501 Mucius
634 2451 743 2515 flammis
751 2452 875 2516 despectis.
909 2451 974 2500 laus
991 2452 1097 2500 dextere
1114 2447 1217 2498 mamis
1232 2451 1256 2496 et
1267 2445 1340 2496 donor

236 2514 312 2576 major
322 2521 366 2566 est.
398 2516 447 2566 lua
457 2516 535 2566 misius
544 2516 682 2581 peregisset,
697 2517 745 2566 sisi
755 2518 894 2567 aberrasset.

699 2641 880 2664 ”menneo

253 2732 294 2841 ,εἰῇ
302 2725 466 2843 Drappetem
482 2726 544 2779 Ald.
554 2721 629 2780 sint.
642 2715 744 2794 Gryph.
756 2726 838 2779 Colin.
849 2728 936 2779 Pulm.
946 2727 1008 2779 Juu.
1017 2726 1127 2792 aliaque
1138 2728 1254 2776 vett-2
1275 2722 1339 2785 Iru‘e·

236 2806 258 2840 cr
287 2808 313 2842 rn
325 2808 356 2843 us
376 2808 425 2843 em.

735 2904 843 2958 NOTAE

270 3018 283 3063 1
303 3014 364 3062 Cum
377 3011 481 3076 peteret]
499 3012 566 3063 Haec
580 3012 688 3063 historie
702 3014 768 3064 Por·
841 3018 856 3063 8
873 3013 902 3064 Si
911 3029 958 3065 non
972 3011 1085 3077 mosset]
1100 3012 1230 3077 Majorem
1242 3011 1339 3077 quippe

236 3093 305 3141 selrae
323 3097 351 3141 et
373 3090 456 3140 Mucii
477 3090 600 3141 Scaerolae
621 3091 684 3141 setis
706 3096 768 3142 nota
807 3092 910 3144 laudern
923 3100 1077 3144 consecutus
1092 3098 1133 3142 est
1149 3090 1263 3155 Mucius,
1279 3106 1339 3141 cum

237 3175 323 3218 estex
334 3168 417 3218 Livio.
807 3171 901 3220 amissa
918 3176 993 3221 ms'un
1008 3171 1111 3221 hostem
1129 3169 1204 3233 vicit,
1222 3183 1298 3234 qnam
1317 3169 1340 3217 si

269 3245 389 3309 Suetius]
406 3246 491 3299 Quem
510 3245 635 3309 percussit
653 3246 767 3310 Mucius,
808 3249 1067 3301 armstsoocidisset.

236 3338 323 3388 regem
342 3322 415 3373 illum
437 3323 593 3374 existimans.

626 3599 635 3616 ,
684 3543 687 3550 ’
712 3530 868 3597 xxm.

474 3713 477 3720 ,
561 3665 610 3713 DE
634 3667 761 3715 LEONE
787 3667 832 3715 ΕΤ
859 3665 1015 3714 LEPORE.
1050 3729 1054 3735 ἡ

237 3762 341 3842 Quin
355 3785 443 3831 nunc
459 3785 553 3831 saeva
567 3767 655 3852 fugis
669 3768 797 3853 placidi
811 3768 908 3853 lepus
923 3788 981 3832 ora
995 3767 1130 3832 leonisi

280 3865 444 3950 Frangere
459 3874 526 3955 tans
537 3888 661 3964 parrae
676 3889 742 3934 non
759 3869 902 3936 didicere
916 3871 1014 3935 feras,

270 4018 295 4069 Ο
313 4019 385 4084 lepris,
401 4018 458 4082 quid
477 4034 538 4070 nuuc
553 3996 674 4070 eisae‘ora
687 4020 745 4081 sero
764 4023 837 4072 leonis
855 4018 970 4085 benign?
986 4035 1034 4069 corr
1049 4024 1215 4071 coemerunt
1231 4035 1339 4085 rumpere

697 4129 877 4151 mm

269 4203 283 4248 1
302 4197 367 4254 Quid
382 4213 502 4249 moero
518 4198 544 4247 iu
554 4198 681 4275 nonnullis
692 4199 900 4263 exemplaribus3
926 4213 976 4250 uon
989 4199 1066 4260 mule,
1076 4198 1161 4275 inquit
1178 4197 1337 4249 Pulmsnnus

236 4270 345 4329 propter
362 4263 532 4331 puotoiquod
549 4270 683 4331 sequutur3
702 4272 811 4333 utruque
823 4273 910 4317 tamen
927 4265 1007 4317 lectio
1019 4263 1125 4330 probru
1142 4269 1237 4330 potest·
1271 4264 1338 4315 Gro-
