3034 4900
246 347 312 415 302
608 365 647 414 u.
672 365 758 414 vsu.
783 366 995 415 uaurrnnrs

248 510 369 589 Parce,
383 513 497 595 pater:
520 510 569 575 sic
584 510 778 590 Lemniacis
791 512 921 578 lascive
936 512 1066 579 eatenis

292 613 450 696 Ignoscat
465 614 604 700 conjux,
618 623 654 680 et
667 617 831 700 patienter
847 624 947 682 amet.

215 789 220 794 ·
245 763 281 814 sic
289 765 399 829 petolans
406 770 557 829 acceparcct
568 764 702 815 Lemniacis
710 768 809 828 saterris,
817 772 842 818 et
851 767 944 831 placide
953 766 1038 829 diligat
1051 771 1082 817 tr.

247 945 356 993 lte-8
371 931 524 1008 Rutqersius
535 943 671 1008 legendum
683 950 794 993 censet:
811 948 834 993 et
844 945 963 1008 sapienter
977 951 1042 995 amet
1050 963 1060 1004 ,·
1077 943 1179 996 utillud
1196 947 1204 973 ‘
1218 942 1352 1008 Deprendi

247 1015 359 1070 vetule,
382 1009 484 1071 Lesbia,
505 1024 567 1069 uon,
584 1013 634 1059 dee.
678 1009 824 1059 Gronovius
846 1012 953 1074 exponit
979 1010 1099 1074 patienter
1119 1015 1192 1071 amet,
1219 1008 1351 1057 moderate

248 1079 365 1136 amet,et
375 1088 408 1124 ne
419 1075 521 1125 laboret
530 1075 693 1139 impatientia
702 1074 896 1138 ergaMartem.
919 1076 1057 1125 Pulmrnal
1069 1076 1153 1125 codex
1167 1091 1174 1123 ι
1193 1079 1218 1123 et
1232 1074 1350 1138 patienter

248 1152 321 1189 ames.

749 1200 855 1254 NODAE

280 1304 296 1350 l
314 1300 399 1363 Parce,
412 1301 494 1366 pater]
510 1302 655 1352 Vulcanum
675 1305 778 1367 patrem
819 1308 926 1351 ceteras
943 1300 1082 1352 fabricavit
1103 1300 1247 1361 Vulcanus,
1262 1298 1353 1364 quibus

247 1378 364 1441 appellnt
381 1393 413 1427 eo
431 1392 517 1442 senno,
527 1394 578 1444 quo
600 1381 670 1430 Dece
689 1393 779 1429 omnes
820 1376 935 1430 Martem
946 1392 1004 1427 eum
1016 1379 1120 1427 Venere
1131 1376 1158 1424 in
1169 1375 1302 1425 adulterio
1313 1376 1355 1424 de·

248 1462 336 1518 patres
352 1455 490 1518 bominum
510 1464 655 1517 vocantur3
682 1457 779 1506 etenim
819 1452 1101 1519 prehensumuttgavir.
1135 1452 1202 1503 Haeo
1213 1450 1304 1501 fabula
1316 1466 1354 1500 sa·

247 1531 377 1581 Vulcanus
387 1544 437 1579 nou
452 1539 494 1579 est
510 1532 682 1581 Romanorum
694 1539 778 1596 pater,
820 1531 854 1578 tis
865 1538 937 1581 nota
968 1531 1065 1580 Sensus
1076 1538 1129 1579 est:
1152 1530 1242 1580 Venus
1252 1527 1354 1592 injuriae

247 1606 386 1656 sedMars.
820 1613 885 1657 ate
910 1615 1028 1671 arreptae
1063 1605 1244 1667 obliviscetur,
1275 1612 1353 1669 teque

210 1713 211 1717 =
281 1682 323 1732 Sic
341 1682 487 1747 Lenniacis]
522 1682 553 1733 ln
576 1685 673 1735 Lemno
697 1684 781 1738 insula
820 1684 935 1749 quamvis
956 1683 1076 1735 claudum
1098 1691 1128 1735 et
1145 1681 1291 1764 deformem
1311 1695 1354 1746 pa·

247 1757 321 1822 AEgei
342 1760 431 1824 maris,
450 1755 527 1811 hodie
545 1759 627 1827 dicta,
644 1760 783 1826 Stationem,
822 1763 1006 1815 tienteramet.

745 1913 851 2018 yur.

678 2036 728 2083 DE
745 2035 925 2084 PHASlDE.

378 2126 556 2194 Eurorum
572 2127 721 2209 Domini,
741 2130 869 2214 Deique
883 2130 1001 2209 nostri,

379 2230 458 2310 Quo
473 2233 633 2300 subsellia
648 2234 789 2298 certiore
804 2233 897 2311 fiunt,

377 2333 422 2399 Et
436 2354 539 2418 puros
553 2356 657 2419 eques
673 2336 806 2401 ordines
821 2338 962 2421 recepit,

378 2435 470 2502 Dum
484 2438 602 2505 laudat
615 2439 718 2505 modo
735 2439 861 2506 Phasis
876 2440 911 2506 in
926 2441 1067 2518 theatro,

374 2539 499 2605 Phasis
515 2544 696 2626 purpureis
711 2544 832 2608 rubeus
846 2543 1004 2621 lacernis,
1263 2532 1265 2537 ’
1329 2542 1351 2605 5

378 2644 421 2708 Et
431 2643 544 2728 jactat
558 2646 688 2711 tumido
703 2648 871 2730 superbus
887 2666 966 2710 ore:

278 2813 343 2862 Dum
354 2761 468 2861 Pisaeis
457 2827 484 2861 en
501 2813 604 2876 theatro,
619 2814 703 2864 Pieris
713 2813 785 2865 ruber
798 2812 926 2878 purpureis
935 2809 1045 2869 lucania,
1056 2809 1124 2858 mado
1134 2809 1281 2858 commenda
1292 2807 1354 2858 elic·

244 2880 296 2926 lara
308 2878 417 2954 Domini,
425 2881 449 2926 et
462 2877 575 2927 Numinis
585 2881 662 2928 nostri
665 2894 728 2943 ,qna
743 2881 810 2928 sedes
826 2879 912 2928 certina
921 2878 1112 2937 distinguantur,
1122 2880 1192 2937 atque
1201 2874 1298 2923 ordines
1311 2888 1356 2921 aaa

244 2942 360 3007 pamicti
375 2956 433 2992 eum
449 2943 528 3008 plebe
548 2945 665 3007 assignati
680 2950 737 2994 east
747 2944 830 3008 equiti,
846 2949 917 3007 atque
933 2955 1050 3003 arrogans
1058 2940 1177 3001 gloriatur
1191 2954 1233 2989 erc
1243 2937 1357 3003 superbe:

708 3052 886 3074 benennon

279 3120 319 3171 De
335 3123 411 3171 edicto
430 3121 701 3172 Coesarisiuseribitur
725 3121 752 3170 lu
778 3121 870 3171 codice
896 3118 1094 3169 Palmauni—li
1121 3113 1210 3165 Praete
1231 3115 1358 3179 purpureis

245 3185 317 3233 ruber
333 3187 359 3235 in
378 3185 440 3234 Ald
456 3186 532 3238 lunt
550 3188 634 3239 Coliu.
645 3188 746 3252 Grypb.
755 3176 862 3239 runica.
873 3187 956 3250 Laog
968 3185 1089 3243 Palmam.
1100 3184 1152 3234 dre.
1162 3179 1357 3231 nemnem·

245 3248 316 3298 laudi
327 3251 379 3300 bls

744 3316 855 3367 NOTAE

278 3419 292 3465 1
308 3416 420 3467 Edictum
429 3417 539 3482 Domim]
550 3417 701 3468 Domitiani.
718 3417 781 3467 Sue
855 3421 870 3466 a
888 3416 924 3464 Et
938 3428 1010 3478 perrea
1027 3410 1108 3476 eques]
1129 3386 1240 3460 Seoraim
1252 3424 1270 3458 a
1281 3407 1357 3474 plebe

245 3493 350 3544 tonius'
343 3508 369 3543 ru
379 3494 528 3561 Domitiano
538 3510 595 3558 cap
588 3498 648 3544 13.
672 3494 780 3544 ‘Domi
821 3493 896 3543 ludos
906 3491 1063 3555 spectabant
1075 3487 1187 3552 equites.

244 3578 338 3622 auset
356 3571 430 3621 Deus
447 3579 537 3639 noster
554 3573 591 3622 sie
609 3570 667 3622 fieri
681 3570 780 3636 jubet!
855 3575 872 3621 4
890 3568 990 3632 Picaria]
1017 3566 1139 3616 Libertus
1141 3563 1203 3628 ,qni
1214 3554 1290 3612 reste
1294 3576 1359 3627 par·

246 3647 412 3698 Domitianus
443 3664 505 3714 ergo
533 3649 667 3698 renovarit
695 3649 780 3712 legem
823 3639 1358 3712 pareaindatoserst,ntridereturequen.

245 3723 375 3788 Rosciam,
392 3741 443 3791 qua
461 3727 547 3775 nulli'
542 3742 568 3775 ιιι
585 3726 781 3790 quatuordecim
823 3725 882 3776 Lib.
895 3738 935 3774 ιι.
948 3723 1026 3786 Eplg.
1033 3725 1057 3773 2.
1085 3717 1358 3782 LegimnrRomauos,

245 3802 361 3891 equitum
374 3804 503 3854 subselliis
516 3803 608 3853 sedere
620 3804 723 3865 liceret,
731 3803 781 3851 nisi
822 3815 881 3850 enm
901 3797 1060 3863 spectaculis
1079 3794 1211 3856 adessent,
1241 3793 1357 3843 vestibus

243 3877 280 3927 illi
305 3877 348 3942 qni
367 3879 476 3930 haberet
497 3894 603 3930 censum
625 3885 782 3943 equestrem,
822 3878 947 3938 candidis,
958 3876 1036 3925 lmmo
1057 3881 1084 3923 et
1098 3873 1193 3935 nigris,
1208 3873 1357 3921 bocautera
1433 3880 1435 3885 ·

245 3955 680 4022 quadragintauempesestertium
693 3957 780 4007 millia.
821 3957 881 4005 loco
898 3954 977 4003 etiam
989 3950 1073 4001 rubris
1089 3964 1149 3999 usos
1167 3946 1269 4009 futen
1290 3945 1358 3996 ande

277 4037 293 4082 2
311 4031 438 4098 Subsellia]
454 4033 639 4096 Qaaetriptieia
651 4031 725 4083 fuere
737 4049 781 4099 ge·
822 4033 945 4096 colligere
956 4031 1028 4092 licet,
1041 4028 1135 4076 nullam
1152 4021 1261 4087 legem
1249 4023 1358 4086 jussisse

244 4109 332 4160 neris:
350 4110 375 4159 iu
396 4125 486 4174 prrmrs
497 4111 624 4162 sedebant
635 4112 783 4176 Senatores,
823 4116 853 4160 ut
867 4105 979 4159 candida
997 4109 1081 4163 veste,
1098 4100 1216 4167 quemvis
1233 4101 1357 4160 solerent,

244 4184 272 4233 iu
283 4185 402 4235 secundis
413 4186 532 4253 Equites,
543 4188 618 4252 plebs
630 4203 692 4241 vera
704 4204 780 4242 oceu-
822 4191 969 4234 uterentur.
1002 4179 1144 4242 Augustus,
1154 4182 1225 4226 teste
1233 4166 1357 4226 Suetonio

247 4258 429 4323 pebettertia.
821 4262 848 4311 in
867 4259 1056 4326 Augustaeap.
1076 4258 1117 4306 40.
1136 4251 1307 4319 prohibuerat
1325 4266 1356 4302 ne
