3034 4900
271 315 338 387 w
632 329 671 377 u.
694 326 780 376 van.
803 324 1026 378 uansrsms.

729 531 921 600 XXXIV.

322 673 557 724 urrrarmuu
582 670 709 720 suoru
733 670 785 719 an
811 670 1043 719 rnonronms
1068 652 1313 724 instruarius.it

280 780 394 846 Hauc
406 778 476 857 tibi,
493 777 619 843 Fronto
634 779 741 860 pater,
754 775 896 868 genitrix
912 771 1079 839 Flaccilla
1093 773 1252 858 puellam,

325 883 452 949 Oscula
464 879 673 970 pommendo
687 878 894 963 deliciasque
909 896 1024 941 meas:

278 986 422 1052 Paulula
434 1005 475 1051 ne
488 986 599 1067 nigras
613 983 787 1047 horrescat
796 981 938 1047 Erotion
953 982 1115 1059 umbrass

322 1088 456 1173 Oraque
470 1086 621 1153 Tartarei
636 1083 830 1170 prodigiosa
845 1083 953 1148 canis.

279 1192 460 1276 Impletura
471 1190 535 1255 fuit
554 1194 660 1255 sextae
674 1187 775 1252 modo
790 1187 916 1270 frigora
928 1187 1074 1270 brnmae3

321 1292 480 1358 Vixisset
492 1291 632 1357 totidem
643 1291 677 1355 oi
691 1290 799 1354 minus
815 1289 874 1354 illa
888 1288 974 1355 dies.

281 1394 375 1460 Inter
387 1401 456 1461 tam
469 1402 599 1461 veteres
613 1393 708 1459 ludat
720 1393 850 1458 lasciva
860 1398 1046 1476 patronos,

298 1557 301 1562 a
322 1496 367 1563 Et
379 1510 496 1562 nomen
508 1498 616 1566 blaeso
631 1495 755 1576 garriat
768 1513 823 1559 ore
838 1513 959 1560 meum.

281 1597 402 1664 Mollia
415 1619 476 1664 nec
490 1598 615 1681 rigidus
631 1617 749 1681 cespes
764 1603 855 1680 tegat
864 1609 961 1677 ossa,
976 1596 1119 1678 necilli,

323 1701 440 1780 Terra,
458 1701 699 1783 gravisfueris:
721 1719 790 1764 non
803 1699 867 1766 fuit
880 1701 942 1767 illa
955 1704 1029 1767 tibi.
1340 1698 1380 1763 10

315 1851 341 1902 0
352 1851 552 1913 Froutogesitoa
561 1851 615 1912 titi,
633 1856 658 1901 et
667 1852 781 1902 Flaedlla
788 1856 874 1912 nater,
888 1853 1093 1904 sammaa-iane
1107 1851 1218 1915 mellan,
1233 1848 1301 1898 bana
1318 1851 1382 1911 atoue

282 1931 374 1967 amores
382 1931 450 1966 meos.
483 1918 522 1965 Ne
534 1917 643 1966 Erotium
653 1916 864 1980 pallidoformidet
872 1918 967 1967 umbras
977 1920 1067 1980 nigras,
1074 1923 1144 1980 atque
1152 1930 1194 1964 ora
1202 1919 1340 1977 portentosa
1347 1928 1382 1962 ea·

282 1980 430 2041 aisiaterai.
461 1980 608 2044 densioraque
618 1980 820 2045 completurafas't
830 1986 922 2031 senam
938 1998 1032 2045 aarum,
1040 1983 1087 2031 aiei
1103 1982 1145 2029 ilia
1162 1980 1260 2028 risisset
1279 1993 1321 2027 sec
1336 1978 1384 2027 dier
1486 1998 1487 2001 ¹

282 2046 371 2096 maus.
403 2045 504 2095 Medos
515 2048 581 2095 ludat
591 2047 655 2095 inter
662 2052 810 2096 iamveteres
815 2051 936 2109 patronos,
957 2052 981 2096 et
990 2049 1085 2108 garriat
1095 2060 1178 2095 samm
1190 2059 1268 2093 meum
1282 2057 1327 2104 uere
1338 2042 1385 2091 iol·

283 2112 397 2161 dutimte.
431 2112 484 2160 Nec
493 2111 562 2172 gleba
576 2112 636 2160 dura
643 2116 710 2173 tegat
721 2116 802 2161 tenera
812 2126 873 2175 aaa,
881 2127 923 2162 nec
931 2111 969 2161 itti
976 2114 1104 2176 pardem
1115 2110 1205 2172 fusas,
1215 2124 1231 2159 o
1241 2109 1321 2172 tellus,
1335 2122 1381 2157 aas

279 2175 331 2238 suit
342 2175 436 2225 illatidi
447 2175 598 2240 ponderosa.
615 2183 617 2190 '

742 2251 925 2276 OOMON‘OOE!

314 2320 355 2371 De
365 2321 508 2371 Horatioate
527 2320 677 2372 inscribitur
688 2320 715 2371 in
731 2320 792 2373 edd.
804 2327 870 2370 vett.
898 2323 940 2373 De
957 2320 1039 2370 Erotio
1050 2319 1077 2370 in
1088 2319 1146 2369 aliis
1156 2326 1223 2370 vett.
1255 2319 1301 2369 Aa
1312 2319 1384 2368 lias·

284 2390 362 2435 torrear
374 2387 400 2435 in
411 2388 488 2436 codd.
500 2387 573 2436 Laid.
583 2393 612 2436 et
622 2387 723 2436 Thoan.
756 2385 918 2451 Epitaphium
926 2386 1005 2435 Erotii
1014 2388 1045 2435 nd
1058 2386 1201 2435 Frontonem
1209 2389 1303 2449 patrem
1313 2384 1386 2433 malit

284 2451 439 2512 Gronovius,
471 2467 547 2517 qoem
571 2453 631 2503 vide
662 2455 689 2502 in
710 2452 774 2502 Ver.
794 2453 931 2503 Notis—1
957 2451 1019 2501 Ald.
1047 2451 1121 2502 Jont.
1139 2452 1223 2500 Colin.
1241 2451 1300 2500 uliae
1320 2456 1385 2499 vett.

284 2516 390 2580 habent,
407 2517 568 2567 flacilla-8
587 2516 639 2567 llic
660 2531 754 2566 norum
778 2514 946 2580 Epigramma
965 2516 1065 2566 orditur
1083 2517 1109 2565 in
1132 2516 1190 2566 cod.
1206 2515 1306 2565 Thoan.
1326 2528 1383 2563 cnm

283 2581 333 2630 lrac
355 2582 536 2647 inscriptione,
552 2582 592 2632 De
608 2582 740 2631 Erotisae:
766 2582 793 2632 in
810 2582 869 2630 cod.
888 2581 964 2630 Laid.
981 2596 1039 2630 cum
1061 2581 1206 2642 Lemmata,
1225 2579 1382 2642 Epitaphius

284 2645 422 2696 Erotioair:
433 2647 459 2695 in
469 2646 622 2712 quibusdam
633 2652 699 2696 vett.
711 2661 769 2695 conr
781 2645 964 2711 inscriptione,
973 2646 1013 2695 Aa
1025 2647 1141 2696 Easdem.
1157 2645 1284 2708 scaligeri
1293 2643 1385 2694 Versio

284 2709 380 2762 Graeca
397 2718 482 2765 utrum
500 2710 643 2775 conjungit.
676 2711 774 2762 Pallida
789 2725 832 2760 aec
842 2712 926 2772 nigras
938 2711 999 2760 Ald.
1014 2711 1089 2761 Jont.
1111 2711 1193 2761 colim
1211 2709 1314 2775 Gryph.
1326 2709 1383 2758 aliae

285 2782 350 2826 vett.
362 2776 469 2825 Parvula
480 2791 521 2826 aec
531 2778 615 2838 nigras
624 2774 708 2825 codes
718 2775 865 2825 Pulmonni.
882 2776 1035 2825 Lectionem
1044 2776 1142 2825 Pallida
1150 2792 1193 2825 aec
1203 2774 1310 2825 damnat
1320 2773 1386 2824 Scri·

284 2839 379 2901 verius,
391 2848 512 2905 tanquam
532 2856 547 2890 a
566 2841 634 2889 mola
652 2854 729 2889 manu
748 2839 909 2927 profectam
936 2848 963 2890 et
980 2841 1084 2904 reponit
1104 2842 1206 2890 Postulo
1225 2855 1265 2905 ae,
1283 2843 1326 2904 se.
1350 2837 1386 2887 Ar

284 2905 383 2955 Pallida
394 2907 464 2956 valet
482 2906 532 2956 lai.
551 2905 747 2967 ‘consternata
771 2911 802 2954 nt
816 2905 922 2969 sapius.
941 2903 982 2954 ef.
1002 2906 1214 2969 Senec'fhyest.
1229 2909 1288 2954 568.
1307 2904 1386 2953 0vid.

284 2969 364 3019 Trist.
376 2983 405 3019 v.
425 2974 450 3019 2.
466 2974 490 3019 l.
515 2968 605 3019 Sidon.
627 2970 751 3020 Carme.
769 2973 810 3018 79.
837 2977 866 3018 et
887 2970 979 3019 Nostr.
1005 2969 1051 3020 lib.
1069 2983 1131 3021 vrri.
1149 2969 1274 3033 Epigtt.
1291 2966 1345 3019 Adi
1361 2977 1387 3016 et

227 3093 229 3098 ,
283 3034 424 3098 Wopkens.
437 3035 470 3084 ad
481 3035 582 3085 Pontio.
594 3036 621 3083 in
632 3034 710 3084 Misc.
722 3034 800 3083 Obss.
813 3034 881 3083 Nor.
891 3035 964 3085 Torn.
973 3048 1034 3085 rur.
1047 3049 1074 3099 p.
1082 3039 1140 3085 857.
1159 3035 1278 3084 Herotioa
1288 3034 1315 3083 in
1326 3032 1384 3083 edd.

284 3103 401 3175 vett-79
417 3098 561 3160 Mattiacas
570 3100 664 3162 agian
673 3098 757 3149 codex
768 3098 916 3148 Pulmonni.

781 3213 888 3264 NouAE

316 3306 332 3337 ⁴·
348 3308 515 3374 Epitaphium]
545 3309 695 3361 Inscribant
707 3309 761 3374 alii,
776 3310 816 3360 De
853 3311 961 3361 cerium.
994 3294 1308 3376 Aliiprimnmdistichon
1324 3309 1386 3360 diri·

285 3382 635 3449 Erotio,aliiuddnntpuelia.
669 3385 817 3437 Gronovius
854 3385 948 3437 doute
965 3387 1092 3452 sequenti,
1105 3386 1231 3436 sedmale
1250 3400 1310 3435 meo
1319 3386 1387 3451 jodi-
1486 3450 1487 3453 Ἴ

291 3459 583 3525 contenditoorrnptum
592 3462 705 3512 essehoc
715 3463 817 3527 lemma,
856 3463 913 3525 eio;
930 3464 999 3528 qnod
1020 3464 1077 3527 ipse
1099 3462 1231 3512 cohaerens
1249 3463 1385 3512 verborum

286 3536 504 3587 etscribendum:
522 3538 678 3602 Epitaphium
694 3540 817 3590 Erotiiad
856 3552 946 3588 sensns
963 3539 1131 3588 demonstrat.
1162 3536 1307 3588 Defunctis
1326 3551 1395 3601 ergo*

286 3612 429 3664 ditatorem
434 3617 537 3676 patreau
554 3615 589 3664 Et
598 3615 816 3678 primumversnm
855 3613 1008 3678 parentibus
1028 3615 1138 3679 puellam
1161 3614 1296 3663 vernolum
1317 3628 1384 3664 snam
1486 3634 1487 3645 ¹

286 3687 465 3752 sicerplicot:
492 3690 685 3754 Ego-Flaccilla
698 3689 815 3754 genitrix
855 3689 1389 3754 commendatPoiita,utscilicetanimm
1486 3730 1487 3739 2

284 3763 344 3828 tibi,
360 3766 484 3817 oFronto
500 3774 585 3831 pater,
594 3766 745 3818 commendo
755 3781 814 3816 nos·
855 3768 912 3832 ejas
933 3769 1045 3833 benigne
1064 3769 1205 3833 excipiant,
1226 3769 1348 3835 illumque
1368 3782 1382 3816 ι

285 3845 355 3889 trum
366 3842 486 3908 Erotion,
496 3843 534 3893 ita
544 3852 575 3893 ut
583 3853 668 3894 mater
679 3843 762 3894 adhuc
774 3859 815 3893 su·
856 3847 935 3897 larvis
946 3854 974 3896 et
981 3846 1103 3896 monstris
1114 3844 1202 3895 inferis
1209 3851 1340 3894 tueantur.

284 3924 390 3981 petates
407 3917 530 3969 defuncto
541 3920 635 3971 marito
652 3920 817 3975 commendet
888 3928 904 3974 7
920 3924 1022 3975 umen
1035 3922 1158 3988 patronos]
1182 3922 1244 3971 Hoc
1253 3927 1304 3984 est,
1319 3921 1380 3969 inter

284 3991 373 4042 filiam.
405 3993 456 4042 Sed
467 3993 509 4043 hic
520 4009 608 4045 sensns
629 3997 674 4045 vix
691 4002 817 4061 congruat
859 4007 963 4065 patrem
982 4007 1010 4048 et
1021 4007 1129 4049 rnatrern
1138 3997 1259 4062 antiquos
1269 3996 1379 4048 defenso·

285 4083 344 4119 cnm
352 4077 477 4135 sequente
485 4085 574 4122 vorsu:
588 4073 654 4121 later
662 4077 711 4121 tam
721 4078 819 4137 cam,
858 4089 901 4125 res
911 4077 985 4126 ludat
996 4077 1022 4125 io
1033 4076 1130 4140 campis
1140 4076 1240 4139 Elysiis.

285 4148 326 4209 tu.
343 4146 470 4197 Erotium·
487 4153 524 4197 et'
536 4149 644 4202 motion
663 4148 769 4213 dicitur,
782 4155 817 4199 vat
888 4155 904 4200 8
921 4152 1003 4203 Btase
1013 4151 1064 4217 ore]
1087 4152 1241 4205 Bulbutlunt
1254 4152 1326 4204 enirn
1344 4148 1376 4199 in·

286 4223 356 4290 apud
374 4224 522 4279 Terentium
542 4224 693 4292 Glycerion‚
706 4234 733 4276 et
751 4225 816 4294 oly-
854 4221 951 4281 santes.
