3034 4900
625 313 665 363 Μ.
689 313 777 363 vsi..
800 311 1008 364 mauritius

671 720 710 768 ΙΝ
735 721 958 772 MARIANUM.

273 836 488 905 Cursrunus
503 839 567 904 iste
582 838 656 923 quis
670 844 733 918 est,
748 844 847 907 uxori
862 862 996 927 semper
1011 841 1159 907 adhaeret

315 940 396 1022 Qui,
413 940 574 1020 Mariana,
589 944 679 1007 tuaei
703 945 870 1029 crispulus
885 946 951 1011 iste
965 946 1041 1030 quis
1055 947 1128 1010 esti

275 1043 405 1111 Nescio
419 1042 501 1127 quid
516 1043 657 1111 dominae
674 1053 822 1111 teneram
837 1049 897 1132 qni
911 1050 1013 1131 garrit
1025 1049 1063 1113 in
1075 1069 1202 1128 aurem,

293 1196 298 1207 .
316 1146 360 1211 Et
373 1147 489 1211 sellam
503 1146 615 1211 cubito
630 1149 817 1214 dexteriore
837 1152 980 1233 promiti

68 1277 78 1291 =
184 1323 189 1334 ι
273 1246 338 1312 Per
352 1247 449 1332 cujus
463 1249 587 1330 digitos
601 1251 702 1315 currit
711 1254 797 1318 levis
811 1255 954 1319 annulus
968 1272 1105 1320 omnes:

315 1351 420 1417 Crura
433 1352 520 1433 gerit
535 1350 625 1414 nullo
640 1354 699 1437 qui
713 1356 844 1421 violata
856 1358 948 1441 pilot
972 1425 974 1428 ,

274 1455 336 1522 Nil
348 1457 651 1544 mihilrespondesl
675 1460 793 1523 uxoris
808 1480 863 1523 res
877 1460 958 1542 agit,
973 1461 1097 1545 inquis,

317 1560 389 1626 Iste
404 1581 507 1627 meae:
531 1581 610 1627 sane
624 1569 735 1627 certus
749 1570 783 1627 et
797 1582 898 1646 asper
909 1563 1011 1628 homo
1026 1570 1088 1642 est,

274 1663 526 1730 Procuratorem
541 1664 636 1730 vultu
653 1667 710 1749 qui
724 1665 879 1750 preferat
892 1667 990 1751 ipso:

316 1765 436 1832 Acrior
448 1769 513 1833 hoc
528 1766 632 1832 chius
645 1788 712 1832 nou
727 1775 799 1832 erat
813 1766 982 1834 Aufidius.

276 1867 307 1933 0
324 1888 424 1953 quarn
439 1870 557 1953 dignus
572 1889 646 1935 eras
663 1869 784 1954 alapis,
801 1869 1114 1950 Mariane‚1atinii

317 1973 369 2038 Te
381 1991 616 2039 successurum
631 1974 732 2039 credo
747 1993 811 2057 ego
829 1973 1028 2040 Panniculo.

308 2174 806 2243 ortaturqqaaesrarecrupuurqri
824 2167 1124 2242 semperudioemittm
1139 2173 1258 2238 emerit
1272 2174 1326 2240 qais
1340 2177 1374 2222 ert

275 2240 321 2289 iste
329 2241 443 2303 crispum
451 2243 492 2305 qui
502 2248 609 2292 rumrrut
617 2245 643 2291 iu
652 2248 756 2296 teneram
764 2259 845 2294 carana
859 2244 959 2294 deaairm
968 2243 1045 2293 urea
1055 2243 1120 2307 qaid,
1129 2247 1154 2292 ei
1172 2239 1287 2291 amitt
1297 2239 1374 2290 cute·

275 2306 325 2353 dre
334 2305 412 2354 cubito
423 2308 564 2364 deneuvre,
572 2322 617 2370 per
626 2309 692 2369 crpus
709 2323 787 2357 omnes
796 2308 886 2370 digitos
894 2309 955 2372 fluit
965 2308 1023 2357 kris
1033 2310 1142 2368 cruatur,
1158 2307 1225 2367 rajm
1249 2320 1320 2354 crura
1330 2318 1375 2351 rra

273 2375 329 2419 aaut
338 2371 428 2433 polluta
439 2372 486 2420 aiu
495 2370 563 2435 pile?
576 2374 679 2422 Nilu'lae
687 2371 893 2437 oraremus?
925 2375 985 2435 ise,
993 2374 1041 2435 aia,
1050 2372 1204 2441 mourut
1212 2371 1311 2434 negotiu
1319 2382 1374 2418 πω

274 2435 399 2498 coniugis:
417 2441 526 2502 expertae
533 2439 626 2501 quidem
636 2444 659 2488 et
669 2440 752 2500 granis
761 2444 796 2489 est
807 2440 891 2498 immo,·
906 2439 1034 2505 quifrente
1043 2438 1096 2502 ipsu
1106 2438 1225 2503 exprim
1239 2437 1376 2509 macerate·

275 2512 346 2559 rem,·
364 2502 437 2550 Citius
447 2502 558 2567 Aufidius
568 2518 614 2553 nou
624 2504 672 2553 erit
678 2505 785 2567 asperior
794 2505 837 2554 ime
847 2505 967 2568 crispulo.
1001 2503 1025 2554 0
1037 2504 1158 2564 Marinae,
1168 2518 1238 2566 qaum
1249 2500 1387 2552 metm
1488 2490 1489 2523 ³

276 2566 382 2630 colophos
402 2566 505 2618 Latini!
527 2583 569 2631 ego
582 2573 641 2633 pute
659 2576 684 2618 te
698 2575 863 2632 mpetu-ara
873 2572 949 2620 lucrm
969 2570 1107 2620 Pemiaetr.
1138 2569 1292 2618 Prcrarutne
1310 2578 1377 2626 sego·
1488 2571 1489 2583 ¹

674 2690 680 2703 ¹
733 2698 916 2719 commeo

309 2781 325 2827 8
341 2776 558 2845 Beverlandissliis.
575 2796 630 2830 serre
649 2786 783 2832 ceras-9
798 2782 989 2833 ‘scribendum
1009 2787 1050 2832 est
1067 2786 1107 2833 ex'
1119 2779 1197 2831 codd.
1213 2780 1255 2845 qai
1262 2778 1375 2844 prosum

274 2859 350 2908 equo.
382 2844 476 2909 Vulgo,
488 2846 528 2910 qui
536 2845 650 2910 preferm
659 2850 726 2911 ipsc:
744 2848 815 2913 quod
831 2850 1019 2898 substituerunt
1030 2847 1077 2907 illi,
1088 2847 1131 2912 qni
1143 2860 1195 2895 nou
1207 2853 1259 2895 tam
1271 2846 1376 2911 aeqnita·

270 2912 329 2959 'tem
347 2908 373 2958 in
385 2919 554 2974 procuratore
567 2913 662 2976 requiri
682 2914 820 2977 putabant,
832 2928 908 2980 quarn
925 2920 956 2963 ut
973 2914 1072 2963 aeriter
1082 2912 1181 2961 nitatur
1191 2925 1240 2977 pro
1252 2925 1295 2972 ec,
1306 2911 1377 2974 cujus

274 2974 407 3036 negotium
424 2976 501 3040 gerit.
533 2976 585 3026 Sed
607 2976 761 3042 cultaeque
781 2986 823 3028 est
846 2977 1024 3041 respondenti,
1041 2975 1177 3038 referenti,
1199 2976 1304 3040 aquali.
1335 2974 1376 3024 Sic

254 3090 258 3101 ,
275 3038 425 3102 aequitatem
435 3039 608 3091 membrorum
620 3043 741 3108 Augusti,
753 3057 802 3105 pro
813 3045 964 3109 equalitate
975 3056 1020 3092 seu
1038 3041 1196 3107 symmetria,
1208 3041 1300 3090 laudat
1317 3041 1377 3089 Sue·

276 3103 378 3155 tonius?
384 3104 457 3170 ¹3'3Ita
467 3106 560 3156 scribit
571 3108 719 3157 Gronovius
731 3107 765 3157 ad
775 3109 842 3158 Stat.
854 3124 880 3174 p.
890 3112 1012 3160 tomo
1028 3106 1090 3158 Alo.
1100 3106 1176 3158 lunt.
1184 3107 1324 3157 Colinmur
1332 3105 1377 3155 rn't

772 3264 881 3318 NO'I'AE

307 3379 323 3424 2
342 3375 479 3441 Crispulus]
496 3376 581 3428 Poiita
598 3376 690 3429 irridet
707 3380 805 3429 Maria·
845 3386 1000 3446 procurator
1022 3380 1125 3446 gravior
1145 3391 1195 3429 nec
1217 3377 1316 3428 certior
1330 3376 1376 3425 lroc

275 3465 345 3510 num,
363 3453 406 3518 qui
422 3454 513 3517 inepte
529 3454 659 3517 erederet,
677 3456 806 3523 quendam
846 3458 969 3521 crispulo.
1156 3492 1161 3507 .

275 3527 427 3593 crispulum,
438 3529 487 3582 hoe
498 3536 550 3593 eat,
571 3533 806 3598 nnllsmeteapil·
880 3538 911 3584 ιι
927 3533 1013 3598 Aiupir
1027 3530 1124 3595 misr]
1144 3530 1169 3582 0
1188 3530 1279 3595 digne,
1296 3527 1378 3594 inquit

272 3605 306 3657 lia
317 3607 410 3671 crispis
423 3608 555 3675 juvenem,
572 3610 660 3661 aroris
679 3625 733 3661 sne
749 3624 807 3662 esse
847 3608 998 3673 Farnabiua,
1015 3609 1060 3673 qui
1080 3608 1106 3658 in
1128 3607 1286 3671 spectaculis
1309 3606 1377 3655 thea-

272 3690 479 3748 Wflltiorm·
847 3687 959 3739 tralibus
991 3689 1071 3739 risun
1107 3699 1212 3737 moveas
1245 3684 1378 3746 alaparum

307 3761 392 3818 tiQua‘
410 3762 499 3813 reida
523 3764 585 3830 pilo]
618 3764 699 3829 Curias
728 3778 805 3816 crura
846 3765 1009 3816 metumedia
1027 3760 1172 3827 exceptum
1189 3774 1240 3811 non
1257 3772 1333 3810 secus
1348 3771 1377 3806 ac

272 3837 344 3889 levia
352 3843 414 3889 sunt
424 3846 452 3890 et
463 3839 586 3905 depilata.
845 3841 1003 3895 Pannicnlm
1022 3841 1124 3901 mimus,
1142 3853 1159 3888 a
1175 3837 1269 3888 Latino
1287 3832 1378 3885 rameii

306 3920 322 3966 8
338 3914 401 3965 Scae
414 3914 503 3980 emar]
527 3916 586 3967 Hoc
606 3923 658 3980 est,
679 3917 805 3982 eruditus,
845 3925 1136 3984 puneaageotecaesus·
1147 3916 1204 3967 Lib.
1212 3929 1245 3967 11.
1253 3913 1330 3980 Epig.
1340 3917 1379 3967 72.

274 4005 352 4059 quern
368 3993 439 4043 nulla
448 3996 517 4044 ratio
528 3995 565 4043 rei
577 3994 699 4057 gerenda
710 3994 789 4045 fallit.
846 3993 905 4045 ‘Os
915 3993 963 4045 tibi
975 3993 1121 4059 praecisum,
1143 3999 1240 4059 quanto
1260 4005 1313 4047 nen
1324 3989 1377 4055 ipre

307 4074 338 4119 1⁰
355 4071 411 4121 Nor
428 4077 481 4122 erut
491 4070 615 4137 Aufidius]
627 4071 745 4122 Moeclrus
759 4086 806 4122 no·
846 4071 954 4122 Latinus
965 4071 1035 4122 Vilia
1048 4069 1187 4122 Panniculi
1206 4069 1322 4135 percutit
1337 4080 1380 4117 ora

272 4144 386 4197 tissimns
402 4162 435 4198 ea
456 4147 747 4212 iuvenalissatyrarx.
765 4153 806 4201 25.
846 4147 927 4199 soon?

272 4220 368 4274 Sensus
379 4229 435 4276 est:
448 4222 565 4275 Aufidius
577 4225 654 4276 Chius
666 4241 718 4279 nnn
735 4233 805 4277 esset
