3034 4900
486 365 797 420 nrroaauuaruru
823 369 896 418 nra·
913 372 947 425 v.
1193 357 1259 424 405

167 509 333 597 Quisquis
347 531 467 595 magna
482 511 584 590 dedit,
599 513 706 578 voluit
721 513 786 578 sibi
801 535 924 598 magua
936 516 1081 582 remitti:

211 616 387 682 Fictilibus
402 615 523 681 nostris
538 623 741 682 exoneratus
756 618 833 682 oris.
986 612 990 618 ⁴

163 795 231 839 tuum
239 789 354 852 gratiam.
388 786 502 853 Quisquis
511 791 608 841 deuouit
625 791 742 853 ingentio,
756 792 831 855 cupiit
847 793 878 841 ui
888 806 913 841 ae
931 792 1022 842 remitti
1039 761 1160 855 iugeulio:
1169 794 1260 860 ficlilia

163 855 481 905 nostrateleoubuulouero·
661 918 769 970 NOTAE

196 1021 212 1066 4
225 1001 385 1080 Exouerulia]
404 1015 543 1066 Liberatus
552 1017 603 1066 eris
612 1023 697 1068 onere
733 1032 792 1068 rusa
804 1018 895 1070 fictilia
907 1004 1040 1084 parrisint
1050 1021 1184 1070 momenti.

163 1094 244 1144 adme
253 1108 359 1144 munera
369 1093 530 1159 remittendi,
538 1103 692 1146 oumnostra
715 1141 716 1144 ,

549 1187 559 1222 r

669 1320 751 1387 LX.

355 1474 357 1477 >
388 1495 391 1500 ,
478 1425 481 1432 ’
526 1456 579 1505 An
602 1457 895 1510 nurnao'ronnru,

144 1643 147 1656 ,
243 1617 254 1637 x
292 1576 499 1645 Annuuuus
512 1577 594 1643 licet
608 1598 716 1662 usque
731 1599 795 1643 uos
810 1587 845 1642 ot
861 1597 979 1661 usquo,

291 1679 334 1744 Et
348 1682 537 1763 gannitibus
551 1682 713 1765 improbis
726 1682 895 1760 laoessas;

290 1782 426 1848 Certum
441 1791 493 1849 est
506 1783 592 1848 hano
607 1784 671 1848 tibi
686 1801 868 1867 pernegare
882 1783 1015 1861 famam,

290 1882 382 1948 Olim
394 1905 494 1969 quam
509 1886 599 1967 pelis
614 1886 649 1948 in
663 1886 748 1948 meis
763 1885 897 1962 libellis,

290 1983 555 2071 Qualiscumque
569 1986 691 2068 legaris
707 1991 741 2050 ut
751 2006 812 2068 per
827 1987 951 2050 orbem.

289 2087 382 2152 Nam
397 2095 429 2153 te
445 2109 502 2154 our
516 2090 640 2173 aliquis
654 2090 738 2152 sciat
750 2089 879 2152 fuisse?

256 2265 257 2274 ἵ
289 2188 427 2270 Ignotus
442 2211 570 2275 pereas,
585 2192 696 2267 miser,
711 2209 849 2253 necesse
864 2196 925 2253 est.

289 2290 368 2355 Non
384 2293 522 2356 deerunt
535 2298 647 2357 lamen
657 2291 720 2356 hac
735 2294 769 2355 in
783 2293 863 2356 urbe
878 2292 989 2355 forsan

287 2393 394 2474 Unus,
409 2395 463 2460 vel
478 2394 556 2473 duo,
570 2400 688 2474 tresve,
704 2399 900 2478 quatuorve,

290 2494 418 2562 Pellem
432 2498 548 2563 rodere
563 2499 621 2582 qui
634 2497 739 2561 velint
755 2498 919 2561 caninam.

288 2602 366 2668 Nos
379 2601 443 2666 hac
458 2621 480 2667 a
495 2601 610 2666 scabie
624 2607 773 2665 tenemus
787 2618 923 2682 ungues.

190 2789 305 2844 Quorsus
314 2789 460 2845 allatreaaoa
469 2801 567 2850 semper,
577 2792 601 2836 el
612 2781 952 2849 semperproooeeaperjidioaia
958 2778 1099 2855 gannitibus
1105 2795 1116 2839 ,·
1133 2782 1212 2852 rotam
1223 2778 1260 2825 ert
1283 2802 1286 2813 »

157 2853 320 2905 sturemare
336 2853 396 2902 boue
406 2852 615 2912 existimationem,
632 2867 699 2914 wem
714 2851 807 2910 joruoiu
816 2850 902 2912 quaeris
912 2848 938 2896 io
948 2844 1091 2919 metatura,
1102 2847 1128 2891 ul
1146 2844 1259 2904 qualeter·

155 2933 252 2980 cumque
273 2919 308 2967 ria
324 2923 393 2967 aolus
406 2931 451 2981 per
469 2915 554 2965 orbem.
589 2917 638 2964 Cur
656 2916 717 2963 euim
737 2916 824 2976 aliquia
833 2914 922 2961 nouerit
932 2919 955 2960 te
964 2907 1070 2960 niuosae?
1087 2906 1260 2965 Ocerumaoae,

154 2988 247 3046 oportet
255 2986 279 3030 le
287 2983 348 3032 morl
355 2983 509 3045 mauguilum.
542 2981 703 3030 Nihilominus
711 2980 755 3027 lure
765 2979 791 3027 iu
799 2979 924 3037 urbeforte
934 2976 1081 3039 reperientur
1086 2986 1153 3029 uuus,
1159 2972 1195 3019 uel
1203 2973 1258 3030 duo,

155 3053 198 3097 out
207 3052 265 3108 tres,
275 3053 318 3096 out
325 3053 434 3112 quatuor,
442 3047 524 3111 quibus
538 3047 630 3110 plooeol
638 3046 720 3094 rodere
728 3045 811 3107 pellem
822 3044 940 3093 coruinum.
969 3040 1021 3090 Nou
1028 3037 1158 3088 cohibemus
1167 3048 1259 3096 ungnes

151 3112 181 3165 ab
193 3112 237 3162 boc
244 3111 330 3162 oculu.

616 3188 797 3210 'em

188 3279 204 3324 3
223 3246 322 3325 Certum
341 3280 377 3324 eat
395 3275 429 3324 ari
450 3273 496 3324 tili
516 3273 726 3326 Jnnlinauostra
744 3273 772 3321 in
790 3271 916 3335 margine.
951 3255 1049 3317 Certum
1067 3269 1103 3314 eat
1119 3264 1178 3313 boue
1197 3259 1257 3311 milri

155 3339 366 3391 ealderman-5
382 3340 459 3391 lunt.
467 3346 558 3389 nostra
569 3339 596 3388 in
607 3352 688 3402 marg.
702 3353 746 3401 per
755 3337 845 3385 urbem.

183 3591 200 3637 2
219 3583 375 3647 Gouuillbus]
394 3582 453 3633 Hoc
472 3590 522 3647 est,
539 3581 685 3632 maledictis
725 3581 805 3641 oanis,
816 3568 1182 3641 Ignaruaadveraumluposi’

155 3671 184 3715 et
196 3664 328 3715 conviciis.
758 3661 789 3706 ll
818 3656 871 3702 Noa
888 3654 932 3702 boo
953 3669 968 3700 o
987 3647 1078 3709 scabie]
1104 3647 1126 3694 A
1149 3642 1257 3693 libidine

189 3746 221 3791 lo
247 3741 334 3790 Pellem
355 3735 449 3800 roomo]
478 3736 536 3786 Hoc
564 3740 614 3796 est,
641 3734 685 3797 qui
726 3730 897 3780 maledicendi
920 3743 962 3777 me
984 3724 1118 3780 cohibebo,
1138 3734 1187 3768 nuo
1210 3733 1259 3767 un-

154 3802 238 3870 velint
248 3826 275 3869 te
285 3833 377 3869 canem
387 3816 509 3868 insectari
525 3812 686 3872 maledictis3
726 3822 802 3873 quarn
814 3807 876 3855 meis
887 3805 914 3853 in
926 3802 1040 3852 versibus
1052 3800 1153 3861 legetur
1164 3809 1259 3844 nomen

153 3898 237 3947 invidi
265 3898 361 3963 quippe
381 3904 420 3945 et
440 3893 560 3943 maledici
580 3889 685 3941 canibus
727 3894 809 3948 tuum,
832 3885 901 3934 unde
923 3883 1018 3933 famam
1045 3877 1258 3944 qualemcumque

154 3978 346 4037 comparantur.
396 3970 521 4021 Horatius
548 3966 632 4031 Epod.
659 3969 685 4014 6.
725 3965 874 4027 colligeres.

153 4049 246 4104 ‘Quid
272 4051 438 4101 immerentes
464 4045 580 4111 hospites
600 4055 685 4099 vexas,
