3034 4900
207 297 229 365 ti
615 308 666 361 au
689 309 890 363 nneroass.

208 454 343 539 eulpam
358 454 394 520 in
406 454 509 521 alium
523 473 625 539 quam
638 455 675 520 in
690 475 727 521 se
742 457 903 522 conterat.
947 455 1104 523 Laudato
1118 475 1200 551 'sane
1214 456 1305 524 utili·

208 577 272 641 que
286 557 442 642 exemplo
456 557 622 640 castigant
634 557 735 623 hodie
749 564 966 641 eastrautque
980 558 1152 642 nequiores
1165 557 1305 638 Potes,

207 659 260 723 uti
274 665 309 726 et
321 659 412 726 hune
427 659 587 726 Nostrum
612 659 799 727 Matthaeus
816 660 993 727 Raderus:
1016 659 1109 745 quod
1123 661 1254 726 etmihi
1269 664 1306 726 in

207 762 321 844 animo
336 769 418 829 erat.
461 761 602 843 Verum,
617 764 754 848 partim,
771 784 812 828 ne
834 783 989 848 arguerer
1006 762 1165 841 difficilia,
1181 770 1216 831 et
1228 783 1306 846 quae

208 863 310 930 Delio
325 865 437 951 aliquo
450 857 602 933 nataturo
617 871 717 951 atque
731 866 918 951 Interprete
933 865 992 951 qui
1009 865 1193 950 Sphingem
1207 884 1307 930 aoce-

208 966 296 1048 perit
315 986 403 1052 opus
430 969 562 1046 habeut,
588 970 652 1033 sub
681 976 848 1054 praetextu
868 969 1107 1035 obsooenitatis
1132 968 1307 1050 omisisse;

101 1136 106 1144 ,
208 1069 342 1150 partim,
357 1071 538 1150 amicorum
563 1070 600 1137 id
623 1091 645 1137 a
670 1091 724 1137 me
749 1071 999 1155 efflagitantium
1014 1072 1170 1157 precibus
1185 1070 1307 1147 rioms,

210 1168 351 1235 Poetam
363 1172 529 1255 integrum
544 1173 645 1241 edidi.
687 1173 860 1254 Quoniam
874 1179 986 1240 autem
1002 1171 1183 1250 ‘castum'
1197 1172 1307 1258 ipsius

209 1270 369 1338 Catulli¹⁰
377 1272 522 1358 judicio,
537 1279 548 1311 ‘
564 1275 666 1343 deeet
688 1296 767 1342 esse
791 1278 884 1361 pium
910 1275 1308 1359 Posum,’1narprerem

208 1372 312 1439 multo
326 1376 434 1460 magis
449 1396 527 1444 osse
543 1387 699 1464 oportere
717 1378 879 1465 judicavi,
902 1400 1011 1464 neque
1027 1380 1141 1445 oleum
1163 1377 1308 1443 flammae

208 1473 339 1559 addere,
353 1497 462 1563 neque
476 1477 619 1547 Veneris
634 1483 772 1561 urticas,
785 1479 849 1546 rire
861 1484 915 1557 τὰς
928 1484 962 1546 ia
975 1486 1031 1546 τῶν
1045 1477 1168 1562 βιβλίων
1185 1477 1309 1551 ἀκάνθας

209 1573 345 1662 respo,
359 1579 443 1644 rna
457 1583 497 1645 ea
507 1581 726 1670 χρησιμώτατα
748 1584 798 1648 καὶ
812 1586 898 1663 ἀκοῆς
910 1583 989 1664 ἄξια·
1000 1593 1024 1624 ¹¹
1050 1582 1204 1648 consulto
1226 1581 1308 1666 Epi·

208 1683 1094 1772 grammataobsooeniorosilentiopraetemexi,¹²quae
1104 1685 1210 1751 aliurn
1218 1683 1315 1750 maio'
1341 1724 1343 1729 «
1373 1754 1376 1763 Δ

209 1800 311 1864 quam
341 1803 396 1850 me
417 1777 603 1870 explicare,
633 1788 738 1854 alium
764 1775 966 1872 intelligam:
1003 1806 1144 1872 quorum
1168 1785 1309 1869 quidem

208 1881 367 1952 lemmata
381 1887 484 1955 obelo
497 1889 533 1954 in
550 1891 660 1975 priore
682 1891 829 1958 editione
852 1891 1019 1970 oansnxi,
1033 1909 1106 1975 quo
1123 1888 1214 1955 vada
1235 1888 1309 1954 haee

209 2003 388 2073 caecosque
413 1991 576 2076 scopulos
599 1995 731 2073 cautius
746 1995 927 2061 declinaret
940 1994 1067 2076 lector3
1087 1992 1155 2058 nori
1169 1990 1310 2074 digitum

209 2087 254 2153 ad
267 2088 405 2174 lupanar
412 2092 548 2174 intendi,
556 2115 626 2179 qua
640 2117 694 2162 me
704 2098 873 2163 calumnia
887 2098 923 2162 iu
934 2097 1060 2162 circulo
1073 2115 1135 2161 sno
1146 2093 1310 2160 Graeculo

209 2192 327 2257 neseio
352 2212 453 2278 quern
475 2204 624 2283 agyrtam
649 2219 716 2265 nou
738 2199 862 2286 puduit
889 2200 1118 2284 perstringere.
1170 2195 1311 2262 Horruit

209 2291 293 2358 milri
304 2295 436 2362 animus
450 2301 579 2384 aperire
593 2287 767 2381 sentinam,
782 2309 841 2369 aut
856 2322 992 2369 movere
1007 2302 1178 2367 cloacam:
1199 2319 1310 2384 neque

210 2395 301 2462 enirn
315 2398 409 2465 volui
422 2396 487 2468 hos
499 2422 575 2470 esse
595 2404 794 2473 Philaenidis
809 2406 1074 2493 commentarios
1087 2402 1311 2490 spureidicos,

211 2496 406 2583 Sotadicos,
420 2504 686 2591 lampsacenos,
705 2509 1020 2595 Ginaedipolitanos,
1045 2506 1311 2574 Ramiresianos.

211 2599 287 2665 Illis
302 2602 418 2687 itaque
430 2611 667 2690 pretermissis
690 2631 732 2677 ae
758 2611 961 2696 suppressis,
973 2630 1032 2677 ea·
1039 2611 1186 2676 maxime
1200 2607 1311 2690 expli·

113 2707 121 2724 ·
210 2721 287 2768 ears
311 2708 412 2789 atque
439 2729 602 2777 exomare
622 2732 714 2780 eurae
740 2715 884 2800 pretium
912 2712 1008 2792 duxi,
1034 2732 1112 2797 quae
1141 2709 1311 2782 sublimia,
1365 2793 1371 2808 .

211 2810 325 2885 amita,
349 2808 469 2889 mellis,
492 2811 631 2897 leporis,
653 2815 885 2900 piperataeque
905 2813 1111 2880 facundiae¹³
1140 2813 1252 2897 plena.
1276 2811 1312 2874 1¹¹

210 2906 334 2988 quous
348 2908 508 2978 ferventis
521 2901 651 2980 fulmen
666 2917 788 3000 ingenii
805 2915 949 2980 etsalsa
962 2914 1149 2980 dominatur
1161 2913 1311 2977 libertas.

155 3092 158 3096 ἶ
211 3005 379 3094 Denique,
400 3029 445 3078 ne
472 3015 639 3100 proloquii
665 3017 851 3101 amplitudo
882 3017 1054 3099 angustias
1082 3013 1248 3096 regulares
1276 3019 1312 3077 et

209 3108 317 3192 ipsius
339 3114 462 3199 Myndi
481 3118 656 3185 modulum
680 3119 877 3199 e‘xoresoat3
907 3118 1076 3202 quoniam,
1097 3121 1136 3182 ut
1164 3116 1215 3180 ait
1239 3114 1313 3179 Pii·
1424 3125 1426 3130 ‘

211 3211 331 3290 nius,¹4
342 3216 533 3303 Benignum
545 3227 598 3288 est
611 3230 649 3288 et
663 3222 801 3307 plenum
816 3221 951 3304 ingenui
965 3219 1117 3305 pudoris,
1136 3217 1233 3308 fateri
1254 3235 1314 3301 per

212 3333 301 3396 quos
323 3320 529 3405 proieceris3
552 3326 690 3391 obnoxii
714 3335 829 3392 corrue
843 3324 948 3390 animi
969 3329 1003 3388 et
1023 3322 1169 3387 infelicis
1192 3321 1314 3404 ingenii

212 3423 271 3495 tsi,
286 3417 489 3504 deprehendi
504 3427 538 3491 in
552 3427 642 3496 tirrto
656 3429 755 3494 malle
771 3448 874 3512 quam
887 3432 1044 3491 mutuum
1056 3425 1209 3490 reddere:
1231 3423 1314 3507 quia

213 3518 246 3600 in
265 3525 334 3588 tam
349 3528 470 3595 aretati
490 3531 603 3615 operis
626 3532 795 3622 instituto,
818 3531 854 3600 in
875 3549 944 3614 quo
966 3527 1134 3606 brevitati,
1153 3537 1314 3610 quantam

711 3763 818 3818 NOTAE

245 3891 276 3935 ro
295 3890 626 3958 Catelli,tfa]l2pigr,xr1,
783 3896 859 3959 atys,
889 3892 977 3957 Epist.
988 3891 1092 3942 Enohir.
1106 3896 1217 3954 oaptt.
1283 3930 1288 3936 .

246 3967 275 4011 11
298 3965 361 4014 οὔτε
376 3966 429 4029 τὰς,
446 3968 499 4032 tre]
526 3972 652 4035 Ulpianus
672 3971 742 4037 apud
816 3977 848 4022 lt
859 3966 1317 4035 Piperotoepue‚tfs.]sidouiusrtpoli.

212 4037 583 4109 Atheoaeumlib.rv.rap.t.
783 4050 829 4100 lib.
839 4063 865 4100 v.
877 4047 964 4111 Epist.
974 4050 999 4098 8.

246 4118 277 4163 12
295 4115 397 4167 &aaa
405 4121 559 4183 praeterreri,
568 4122 621 4184 tre]
639 4125 676 4183 'iri
685 4123 743 4174 dse-
818 4130 849 4176 14
875 4124 978 4188 Plinius,
996 4113 1048 4186 ipa]
1077 4122 1163 4186 Epist.
1190 4121 1224 4171 ad
1252 4120 1316 4171 Nat.

213 4192 328 4251 stetim
338 4193 537 4257 δῆλοιγινόμενοε
545 4196 700 4260 δυσχεραίνων
709 4200 744 4262 ,τῷ
784 4201 936 4253 Historiam.
