<?xml version="1.0" encoding="UTF-8"?>
<!DOCTYPE html PUBLIC "-//W3C//DTD XHTML 1.0 Transitional//EN"
    "http://www.w3.org/TR/xhtml1/DTD/xhtml1-transitional.dtd">
<html xmlns="http://www.w3.org/1999/xhtml" xml:lang="en" lang="en">
 <head>
  <title>
</title>
<meta http-equiv="Content-Type" content="text/html;charset=utf-8" />
  <meta name='ocr-system' content='tesseract 3.04.00' />
  <meta name='ocr-capabilities' content='ocr_page ocr_carea ocr_par ocr_line ocrx_word'/>
</head>
<body>
  <div class='ocr_page' id='page_1' title='image "./marcivaleriimar06martgoog_0583.png"; bbox 0 0 3034 4900; ppageno 0'>
   <div class='ocr_carea' id='block_1_1' title="bbox 493 274 1406 346">
    <p class='ocr_par' dir='ltr' id='par_1_1' title="bbox 493 274 1406 346">
     <span class='ocr_line' id='line_1_1' title="bbox 493 274 1406 346; baseline 0.011 -8"><span class='ocrx_word' id='word_1_1' title='bbox 493 290 804 340; x_wconf 71' lang='lat' dir='ltr'>nereanunmrum</span> <span class='ocrx_word' id='word_1_2' title='bbox 830 276 903 340; x_wconf 78' lang='lat' dir='ltr'>uin.</span> <span class='ocrx_word' id='word_1_3' title='bbox 925 292 992 343; x_wconf 82' lang='lat' dir='ltr'>vn.</span> <span class='ocrx_word' id='word_1_4' title='bbox 1230 277 1295 346; x_wconf 63' lang='lat'>650</span> <span class='ocrx_word' id='word_1_5' title='bbox 1398 274 1406 284; x_wconf 79' lang='grc'><em>’</em></span> 
     </span>
    </p>
   </div>
   <div class='ocr_carea' id='block_1_2' title="bbox 597 432 882 630">
    <p class='ocr_par' dir='ltr' id='par_1_2' title="bbox 597 432 882 630">
     <span class='ocr_line' id='line_1_2' title="bbox 676 432 799 510; baseline -0.016 -1"><span class='ocrx_word' id='word_1_6' title='bbox 676 432 799 510; x_wconf 78' lang='lat' dir='ltr'>xcii.</span> 
     </span>
     <span class='ocr_line' id='line_1_3' title="bbox 597 580 882 630; baseline 0.011 -3"><span class='ocrx_word' id='word_1_7' title='bbox 597 580 635 628; x_wconf 83' lang='lat' dir='ltr'>nr</span> <span class='ocrx_word' id='word_1_8' title='bbox 663 581 882 630; x_wconf 78' lang='lat' dir='ltr'>naccannu.</span> 
     </span>
    </p>
   </div>
   <div class='ocr_carea' id='block_1_3' title="bbox 132 681 1293 1703">
    <p class='ocr_par' dir='ltr' id='par_1_3' title="bbox 132 681 1293 1703">
     <span class='ocr_line' id='line_1_4' title="bbox 132 681 1083 769; baseline 0.003 -22"><span class='ocrx_word' id='word_1_9' title='bbox 132 700 136 705; x_wconf 79' lang='grc'><em>·</em></span> <span class='ocrx_word' id='word_1_10' title='bbox 187 681 225 747; x_wconf 84' lang='lat' dir='ltr'>Sr</span> <span class='ocrx_word' id='word_1_11' title='bbox 242 683 324 766; x_wconf 87' lang='lat' dir='ltr'>quid</span> <span class='ocrx_word' id='word_1_12' title='bbox 340 702 429 768; x_wconf 87' lang='lat' dir='ltr'>opus</span> <span class='ocrx_word' id='word_1_13' title='bbox 441 683 550 762; x_wconf 86' lang='lat' dir='ltr'>fuerit,</span> <span class='ocrx_word' id='word_1_14' title='bbox 566 684 634 748; x_wconf 86' lang='lat' dir='ltr'>scis</span> <span class='ocrx_word' id='word_1_15' title='bbox 649 705 703 747; x_wconf 90' lang='lat' dir='ltr'>me</span> <span class='ocrx_word' id='word_1_16' title='bbox 716 704 786 749; x_wconf 91' lang='lat' dir='ltr'>non</span> <span class='ocrx_word' id='word_1_17' title='bbox 801 705 877 750; x_wconf 87' lang='lat' dir='ltr'>esse</span> <span class='ocrx_word' id='word_1_18' title='bbox 892 686 1083 769; x_wconf 83' lang='lat' dir='ltr'>rogandum,</span> 
     </span>
     <span class='ocr_line' id='line_1_5' title="bbox 230 786 906 873; baseline 0.001 -23"><span class='ocrx_word' id='word_1_19' title='bbox 230 787 291 852; x_wconf 90' lang='lat' dir='ltr'>Bis</span> <span class='ocrx_word' id='word_1_20' title='bbox 304 787 402 851; x_wconf 87' lang='lat' dir='ltr'>nobis</span> <span class='ocrx_word' id='word_1_21' title='bbox 417 786 514 866; x_wconf 83' lang='lat' dir='ltr'>dreis,</span> <span class='ocrx_word' id='word_1_22' title='bbox 531 788 695 865; x_wconf 83' lang='lat' dir='ltr'>Baccara,</span> <span class='ocrx_word' id='word_1_23' title='bbox 711 794 826 873; x_wconf 86' lang='lat' dir='ltr'>terque</span> <span class='ocrx_word' id='word_1_24' title='bbox 839 788 906 853; x_wconf 87' lang='lat' dir='ltr'>die.</span> 
     </span>
     <span class='ocr_line' id='line_1_6' title="bbox 186 889 976 974; baseline 0 -19"><span class='ocrx_word' id='word_1_25' title='bbox 186 889 354 974; x_wconf 80' lang='lat' dir='ltr'>Appellat</span> <span class='ocrx_word' id='word_1_26' title='bbox 365 889 475 973; x_wconf 77' lang='lat' dir='ltr'>rigida</span> <span class='ocrx_word' id='word_1_27' title='bbox 485 891 590 955; x_wconf 89' lang='lat' dir='ltr'>tristis</span> <span class='ocrx_word' id='word_1_28' title='bbox 605 910 659 953; x_wconf 85' lang='lat' dir='ltr'>me</span> <span class='ocrx_word' id='word_1_29' title='bbox 673 909 759 953; x_wconf 84' lang='lat' dir='ltr'>voce</span> <span class='ocrx_word' id='word_1_30' title='bbox 775 889 948 955; x_wconf 83' lang='lat' dir='ltr'><strong>Secundus</strong></span> <span class='ocrx_word' id='word_1_31' title='bbox 968 911 976 954; x_wconf 97' lang='lat'>:</span> 
     </span>
     <span class='ocr_line' id='line_1_7' title="bbox 228 990 1018 1078; baseline 0 -22"><span class='ocrx_word' id='word_1_32' title='bbox 228 990 350 1070; x_wconf 82' lang='lat' dir='ltr'>Audis,</span> <span class='ocrx_word' id='word_1_33' title='bbox 365 992 424 1056; x_wconf 87' lang='lat' dir='ltr'>sed</span> <span class='ocrx_word' id='word_1_34' title='bbox 439 996 563 1070; x_wconf 89' lang='lat' dir='ltr'>nescis,</span> <span class='ocrx_word' id='word_1_35' title='bbox 579 994 743 1071; x_wconf 83' lang='lat' dir='ltr'>Baccara,</span> <span class='ocrx_word' id='word_1_36' title='bbox 758 993 840 1078; x_wconf 91' lang='lat' dir='ltr'>quid</span> <span class='ocrx_word' id='word_1_37' title='bbox 857 995 903 1058; x_wconf 90' lang='lat' dir='ltr'>sit</span> <span class='ocrx_word' id='word_1_38' title='bbox 918 1014 1018 1078; x_wconf 88' lang='lat' dir='ltr'>opus.</span> 
     </span>
     <span class='ocr_line' id='line_1_8' title="bbox 186 1095 1010 1181; baseline 0.004 -22"><span class='ocrx_word' id='word_1_39' title='bbox 186 1095 310 1160; x_wconf 87' lang='lat' dir='ltr'>Pensio</span> <span class='ocrx_word' id='word_1_40' title='bbox 326 1103 359 1160; x_wconf 87' lang='lat' dir='ltr'>te</span> <span class='ocrx_word' id='word_1_41' title='bbox 375 1106 488 1163; x_wconf 88' lang='lat' dir='ltr'>coram</span> <span class='ocrx_word' id='word_1_42' title='bbox 502 1098 625 1179; x_wconf 88' lang='lat' dir='ltr'>petitur</span> <span class='ocrx_word' id='word_1_43' title='bbox 639 1097 794 1181; x_wconf 89' lang='lat' dir='ltr'>clareque</span> <span class='ocrx_word' id='word_1_44' title='bbox 808 1098 1010 1181; x_wconf 84' lang='lat' dir='ltr'>palamque:</span> 
     </span>
     <span class='ocr_line' id='line_1_9' title="bbox 228 1195 1010 1283; baseline 0 -22"><span class='ocrx_word' id='word_1_45' title='bbox 228 1195 349 1275; x_wconf 86' lang='lat' dir='ltr'>Audis,</span> <span class='ocrx_word' id='word_1_46' title='bbox 365 1199 424 1264; x_wconf 86' lang='lat' dir='ltr'>sed</span> <span class='ocrx_word' id='word_1_47' title='bbox 437 1201 560 1276; x_wconf 89' lang='lat' dir='ltr'>nescis,</span> <span class='ocrx_word' id='word_1_48' title='bbox 576 1200 741 1277; x_wconf 86' lang='lat' dir='ltr'>Baccara,</span> <span class='ocrx_word' id='word_1_49' title='bbox 758 1199 839 1283; x_wconf 89' lang='lat' dir='ltr'>quid</span> <span class='ocrx_word' id='word_1_50' title='bbox 853 1200 897 1264; x_wconf 89' lang='lat' dir='ltr'>sit</span> <span class='ocrx_word' id='word_1_51' title='bbox 913 1218 1010 1283; x_wconf 83' lang='lat' dir='ltr'>opus.</span> 
     </span>
     <span class='ocr_line' id='line_1_10' title="bbox 138 1288 1074 1387; baseline 0.003 -24"><span class='ocrx_word' id='word_1_52' title='bbox 138 1298 142 1309; x_wconf 79' lang='grc'><em>’</em></span> <span class='ocrx_word' id='word_1_53' title='bbox 185 1299 269 1365; x_wconf 75' lang='lat' dir='ltr'>Fase</span> <span class='ocrx_word' id='word_1_54' title='bbox 283 1321 406 1383; x_wconf 86' lang='lat' dir='ltr'>queror</span> <span class='ocrx_word' id='word_1_55' title='bbox 421 1288 616 1387; x_wconf 85' lang='lat' dir='ltr'>gelidasque</span> <span class='ocrx_word' id='word_1_56' title='bbox 630 1304 712 1367; x_wconf 83' lang='lat' dir='ltr'>milri</span> <span class='ocrx_word' id='word_1_57' title='bbox 726 1305 888 1386; x_wconf 87' lang='lat' dir='ltr'>tritasque</span> <span class='ocrx_word' id='word_1_58' title='bbox 902 1302 1074 1366; x_wconf 84' lang='lat' dir='ltr'>lacernas:</span> 
     </span>
     <span class='ocr_line' id='line_1_11' title="bbox 227 1399 1031 1490; baseline 0.004 -26"><span class='ocrx_word' id='word_1_59' title='bbox 227 1399 351 1481; x_wconf 85' lang='lat' dir='ltr'>Audis,</span> <span class='ocrx_word' id='word_1_60' title='bbox 368 1404 429 1469; x_wconf 88' lang='lat' dir='ltr'>sed</span> <span class='ocrx_word' id='word_1_61' title='bbox 442 1406 564 1480; x_wconf 89' lang='lat' dir='ltr'>nescis,</span> <span class='ocrx_word' id='word_1_62' title='bbox 581 1406 747 1483; x_wconf 87' lang='lat' dir='ltr'>Baccara,</span> <span class='ocrx_word' id='word_1_63' title='bbox 765 1406 848 1490; x_wconf 90' lang='lat' dir='ltr'>quid</span> <span class='ocrx_word' id='word_1_64' title='bbox 871 1406 918 1468; x_wconf 88' lang='lat' dir='ltr'>sit</span> <span class='ocrx_word' id='word_1_65' title='bbox 932 1424 1031 1488; x_wconf 86' lang='lat' dir='ltr'>opus.</span> 
     </span>
     <span class='ocr_line' id='line_1_12' title="bbox 185 1502 970 1590; baseline 0.005 -23"><span class='ocrx_word' id='word_1_66' title='bbox 185 1502 265 1569; x_wconf 92' lang='lat' dir='ltr'>Hoc</span> <span class='ocrx_word' id='word_1_67' title='bbox 280 1525 367 1590; x_wconf 83' lang='lat' dir='ltr'>opus</span> <span class='ocrx_word' id='word_1_68' title='bbox 381 1513 442 1585; x_wconf 89' lang='lat' dir='ltr'>est,</span> <span class='ocrx_word' id='word_1_69' title='bbox 458 1509 571 1574; x_wconf 88' lang='lat' dir='ltr'>subito</span> <span class='ocrx_word' id='word_1_70' title='bbox 586 1510 650 1574; x_wconf 90' lang='lat' dir='ltr'>fias</span> <span class='ocrx_word' id='word_1_71' title='bbox 664 1515 704 1575; x_wconf 91' lang='lat' dir='ltr'>ut</span> <span class='ocrx_word' id='word_1_72' title='bbox 718 1509 824 1573; x_wconf 89' lang='lat' dir='ltr'>sidere</span> <span class='ocrx_word' id='word_1_73' title='bbox 838 1514 970 1588; x_wconf 89' lang='lat' dir='ltr'>mutus;</span> 
     </span>
     <span class='ocr_line' id='line_1_13' title="bbox 226 1607 1293 1703; baseline 0.003 -31"><span class='ocrx_word' id='word_1_74' title='bbox 226 1607 351 1674; x_wconf 86' lang='lat' dir='ltr'>Dicere</span> <span class='ocrx_word' id='word_1_75' title='bbox 366 1629 407 1675; x_wconf 88' lang='lat' dir='ltr'>ne</span> <span class='ocrx_word' id='word_1_76' title='bbox 422 1613 547 1703; x_wconf 57' lang='lat' dir='ltr'>possis,</span> <span class='ocrx_word' id='word_1_77' title='bbox 565 1613 743 1691; x_wconf 88' lang='lat' dir='ltr'>Baccara,</span> <span class='ocrx_word' id='word_1_78' title='bbox 759 1612 842 1696; x_wconf 91' lang='lat' dir='ltr'>quid</span> <span class='ocrx_word' id='word_1_79' title='bbox 859 1612 903 1676; x_wconf 87' lang='lat' dir='ltr'>sit</span> <span class='ocrx_word' id='word_1_80' title='bbox 921 1630 1024 1694; x_wconf 88' lang='lat' dir='ltr'>opus.</span> <span class='ocrx_word' id='word_1_81' title='bbox 1250 1611 1293 1676; x_wconf 89' lang='lat'>10</span> 
     </span>
    </p>
   </div>
   <div class='ocr_carea' id='block_1_4' title="bbox 180 1777 1291 2166">
    <p class='ocr_par' dir='ltr' id='par_1_4' title="bbox 180 1777 1291 2166">
     <span class='ocr_line' id='line_1_14' title="bbox 216 1777 1291 1840; baseline -0.004 -13"><span class='ocrx_word' id='word_1_82' title='bbox 216 1777 241 1827; x_wconf 91' lang='grc' dir='ltr'>Ο</span> <span class='ocrx_word' id='word_1_83' title='bbox 253 1777 372 1838; x_wconf 82' lang='lat' dir='ltr'>Boccare,</span> <span class='ocrx_word' id='word_1_84' title='bbox 379 1777 415 1827; x_wconf 77' lang='lat' dir='ltr'>bie</span> <span class='ocrx_word' id='word_1_85' title='bbox 424 1784 448 1827; x_wconf 85' lang='lat' dir='ltr'>et</span> <span class='ocrx_word' id='word_1_86' title='bbox 459 1778 609 1828; x_wconf 78' lang='lat' dir='ltr'>terolieaicio</span> <span class='ocrx_word' id='word_1_87' title='bbox 617 1778 690 1834; x_wconf 72' lang='lat' dir='ltr'>miii,</span> <span class='ocrx_word' id='word_1_88' title='bbox 701 1778 756 1827; x_wconf 79' lang='lat' dir='ltr'>Scir</span> <span class='ocrx_word' id='word_1_89' title='bbox 767 1793 803 1827; x_wconf 85' lang='lat' dir='ltr'>me</span> <span class='ocrx_word' id='word_1_90' title='bbox 813 1794 859 1828; x_wconf 77' lang='lat' dir='ltr'>roa</span> <span class='ocrx_word' id='word_1_91' title='bbox 869 1792 918 1828; x_wconf 76' lang='lat' dir='ltr'>eoae</span> <span class='ocrx_word' id='word_1_92' title='bbox 928 1780 1053 1840; x_wconf 70' lang='lat' dir='ltr'>amdam,</span> <span class='ocrx_word' id='word_1_93' title='bbox 1065 1777 1155 1840; x_wconf 64' lang='lat' dir='ltr'>ciceia</span> <span class='ocrx_word' id='word_1_94' title='bbox 1163 1792 1221 1840; x_wconf 70' lang='lat' dir='ltr'>opu:</span> <span class='ocrx_word' id='word_1_95' title='bbox 1232 1778 1291 1839; x_wconf 75' lang='lat' dir='ltr'>fue.</span> 
     </span>
     <span class='ocr_line' id='line_1_15' title="bbox 181 1842 1290 1908; baseline 0.003 -17"><span class='ocrx_word' id='word_1_96' title='bbox 181 1842 225 1891; x_wconf 77' lang='lat' dir='ltr'>cit.</span> <span class='ocrx_word' id='word_1_97' title='bbox 259 1842 380 1893; x_wconf 70' lang='lat' dir='ltr'>Secundae</span> <span class='ocrx_word' id='word_1_98' title='bbox 388 1845 506 1893; x_wconf 85' lang='lat' dir='ltr'>creditor</span> <span class='ocrx_word' id='word_1_99' title='bbox 520 1859 623 1892; x_wconf 75' lang='lat' dir='ltr'>mornaco</span> <span class='ocrx_word' id='word_1_100' title='bbox 641 1849 750 1893; x_wconf 80' lang='lat' dir='ltr'>menoeci</span> <span class='ocrx_word' id='word_1_101' title='bbox 762 1858 925 1906; x_wconf 72' lang='lat' dir='ltr'>asperavere:</span> <span class='ocrx_word' id='word_1_102' title='bbox 940 1844 1070 1903; x_wconf 59' lang='lat' dir='ltr'>aedmeri</span> <span class='ocrx_word' id='word_1_103' title='bbox 1081 1842 1290 1908; x_wconf 56' lang='lat' dir='ltr'>ignoroaoBoo·</span> 
     </span>
     <span class='ocr_line' id='line_1_16' title="bbox 180 1907 1291 1972; baseline 0.003 -17"><span class='ocrx_word' id='word_1_104' title='bbox 180 1923 246 1967; x_wconf 87' lang='lat' dir='ltr'>corn,</span> <span class='ocrx_word' id='word_1_105' title='bbox 258 1907 315 1970; x_wconf 79' lang='lat' dir='ltr'>qaid</span> <span class='ocrx_word' id='word_1_106' title='bbox 324 1909 426 1970; x_wconf 81' lang='lat' dir='ltr'>citopao.</span> <span class='ocrx_word' id='word_1_107' title='bbox 460 1909 492 1958; x_wconf 80' lang='lat' dir='ltr'>Te</span> <span class='ocrx_word' id='word_1_108' title='bbox 501 1912 616 1970; x_wconf 60' lang='lat' dir='ltr'>macerie</span> <span class='ocrx_word' id='word_1_109' title='bbox 625 1909 705 1971; x_wconf 81' lang='lat' dir='ltr'>penaio</span> <span class='ocrx_word' id='word_1_110' title='bbox 721 1909 901 1972; x_wconf 85' lang='lat' dir='ltr'>petituroperte</span> <span class='ocrx_word' id='word_1_111' title='bbox 911 1913 935 1957; x_wconf 83' lang='lat' dir='ltr'>et</span> <span class='ocrx_word' id='word_1_112' title='bbox 947 1908 1079 1970; x_wconf 81' lang='lat' dir='ltr'>manifecte.</span> <span class='ocrx_word' id='word_1_113' title='bbox 1114 1907 1252 1972; x_wconf 69' lang='lat' dir='ltr'>Aretullae,</span> <span class='ocrx_word' id='word_1_114' title='bbox 1264 1916 1291 1960; x_wconf 85' lang='lat' dir='ltr'>at</span> 
     </span>
     <span class='ocr_line' id='line_1_17' title="bbox 181 1971 1287 2037; baseline 0.005 -18"><span class='ocrx_word' id='word_1_115' title='bbox 181 1973 289 2035; x_wconf 74' lang='lat' dir='ltr'>ignorat,</span> <span class='ocrx_word' id='word_1_116' title='bbox 301 1988 317 2021; x_wconf 89' lang='lat' dir='ltr'>c</span> <span class='ocrx_word' id='word_1_117' title='bbox 332 1974 446 2029; x_wconf 85' lang='lat' dir='ltr'>Baccara,</span> <span class='ocrx_word' id='word_1_118' title='bbox 457 1973 512 2037; x_wconf 81' lang='lat' dir='ltr'>quiri</span> <span class='ocrx_word' id='word_1_119' title='bbox 531 1974 563 2020; x_wconf 82' lang='lat' dir='ltr'>eit</span> <span class='ocrx_word' id='word_1_120' title='bbox 579 1988 644 2035; x_wconf 77' lang='lat' dir='ltr'>opes.</span> <span class='ocrx_word' id='word_1_121' title='bbox 679 1973 809 2035; x_wconf 71' lang='lat' dir='ltr'>Expostulo</span> <span class='ocrx_word' id='word_1_122' title='bbox 821 1971 950 2022; x_wconf 77' lang='lat' dir='ltr'>moliebare</span> <span class='ocrx_word' id='word_1_123' title='bbox 961 1974 1068 2022; x_wconf 66' lang='lat' dir='ltr'>lacernae</span> <span class='ocrx_word' id='word_1_124' title='bbox 1079 1973 1139 2021; x_wconf 83' lang='lat' dir='ltr'>lecca</span> <span class='ocrx_word' id='word_1_125' title='bbox 1150 1977 1174 2022; x_wconf 81' lang='lat' dir='ltr'>et</span> <span class='ocrx_word' id='word_1_126' title='bbox 1183 1974 1287 2024; x_wconf 80' lang='lat' dir='ltr'>lecerat:</span> 
     </span>
     <span class='ocr_line' id='line_1_18' title="bbox 181 2037 1285 2102; baseline 0.004 -17"><span class='ocrx_word' id='word_1_127' title='bbox 181 2039 308 2096; x_wconf 62' lang='lat' dir='ltr'>corcaiae,</span> <span class='ocrx_word' id='word_1_128' title='bbox 317 2043 342 2084; x_wconf 86' lang='lat' dir='ltr'>ct</span> <span class='ocrx_word' id='word_1_129' title='bbox 352 2037 481 2099; x_wconf 61' lang='lat' dir='ltr'>ignoraao</span> <span class='ocrx_word' id='word_1_130' title='bbox 491 2038 609 2098; x_wconf 79' lang='lat' dir='ltr'>Baccara,</span> <span class='ocrx_word' id='word_1_131' title='bbox 620 2037 676 2100; x_wconf 82' lang='lat' dir='ltr'>qaid</span> <span class='ocrx_word' id='word_1_132' title='bbox 683 2038 717 2085; x_wconf 81' lang='lat' dir='ltr'>cit</span> <span class='ocrx_word' id='word_1_133' title='bbox 728 2052 794 2100; x_wconf 71' lang='lat' dir='ltr'>optio.</span> <span class='ocrx_word' id='word_1_134' title='bbox 828 2038 884 2086; x_wconf 87' lang='lat' dir='ltr'>Hoc</span> <span class='ocrx_word' id='word_1_135' title='bbox 900 2052 958 2100; x_wconf 83' lang='lat' dir='ltr'>opno</span> <span class='ocrx_word' id='word_1_136' title='bbox 969 2043 1013 2098; x_wconf 83' lang='lat' dir='ltr'>cot,</span> <span class='ocrx_word' id='word_1_137' title='bbox 1024 2052 1039 2086; x_wconf 92' lang='lat' dir='ltr'>o</span> <span class='ocrx_word' id='word_1_138' title='bbox 1060 2038 1177 2100; x_wconf 85' lang='lat' dir='ltr'>Baccara,</span> <span class='ocrx_word' id='word_1_139' title='bbox 1189 2043 1285 2102; x_wconf 81' lang='lat' dir='ltr'>reperite</span> 
     </span>
     <span class='ocr_line' id='line_1_19' title="bbox 182 2101 1037 2166; baseline 0.001 -16"><span class='ocrx_word' id='word_1_140' title='bbox 182 2103 285 2164; x_wconf 75' lang='lat' dir='ltr'>elinguia</span> <span class='ocrx_word' id='word_1_141' title='bbox 291 2104 386 2164; x_wconf 69' lang='lat' dir='ltr'>nodos,</span> <span class='ocrx_word' id='word_1_142' title='bbox 393 2116 528 2166; x_wconf 76' lang='lat' dir='ltr'>percussus</span> <span class='ocrx_word' id='word_1_143' title='bbox 535 2103 620 2164; x_wconf 67' lang='lat' dir='ltr'>cdere,</span> <span class='ocrx_word' id='word_1_144' title='bbox 631 2117 661 2151; x_wconf 84' lang='lat' dir='ltr'>ore</span> <span class='ocrx_word' id='word_1_145' title='bbox 669 2101 777 2165; x_wconf 79' lang='lat' dir='ltr'>proferre</span> <span class='ocrx_word' id='word_1_146' title='bbox 788 2116 859 2165; x_wconf 72' lang='lat' dir='ltr'>quon</span> <span class='ocrx_word' id='word_1_147' title='bbox 867 2101 926 2166; x_wconf 76' lang='lat' dir='ltr'>qaid</span> <span class='ocrx_word' id='word_1_148' title='bbox 933 2102 965 2151; x_wconf 81' lang='lat' dir='ltr'>eit</span> <span class='ocrx_word' id='word_1_149' title='bbox 974 2116 1037 2165; x_wconf 76' lang='lat' dir='ltr'>oper.</span> 
     </span>
    </p>
   </div>
   <div class='ocr_carea' id='block_1_5' title="bbox 135 2277 1292 2540">
    <p class='ocr_par' dir='ltr' id='par_1_5' title="bbox 135 2277 1292 2540">
     <span class='ocr_line' id='line_1_20' title="bbox 216 2277 1290 2342; baseline 0.006 -16"><span class='ocrx_word' id='word_1_150' title='bbox 216 2281 228 2326; x_wconf 95' lang='lat' dir='ltr'>l</span> <span class='ocrx_word' id='word_1_151' title='bbox 247 2277 275 2328; x_wconf 78' lang='lat' dir='ltr'>St</span> <span class='ocrx_word' id='word_1_152' title='bbox 282 2280 340 2342; x_wconf 74' lang='lat' dir='ltr'>quid</span> <span class='ocrx_word' id='word_1_153' title='bbox 347 2277 486 2341; x_wconf 81' lang='lat' dir='ltr'>opoosoerit</span> <span class='ocrx_word' id='word_1_154' title='bbox 497 2278 542 2327; x_wconf 82' lang='lat' dir='ltr'>tibi</span> <span class='ocrx_word' id='word_1_155' title='bbox 553 2279 709 2328; x_wconf 83' lang='lat' dir='ltr'>Beverlenrli</span> <span class='ocrx_word' id='word_1_156' title='bbox 720 2279 821 2329; x_wconf 78' lang='lat' dir='ltr'><strong>Ms.-4</strong></span> <span class='ocrx_word' id='word_1_157' title='bbox 832 2281 943 2329; x_wconf 77' lang='lat' dir='ltr'>Ardiaei</span> <span class='ocrx_word' id='word_1_158' title='bbox 953 2281 1030 2329; x_wconf 70' lang='lat' dir='ltr'>noxie</span> <span class='ocrx_word' id='word_1_159' title='bbox 1040 2279 1269 2332; x_wconf 86' lang='lat' dir='ltr'>codexPnlmaani</span> <span class='ocrx_word' id='word_1_160' title='bbox 1284 2301 1290 2332; x_wconf 89' lang='lat'>:</span> 
     </span>
     <span class='ocr_line' id='line_1_21' title="bbox 183 2343 1292 2408; baseline 0.006 -17"><span class='ocrx_word' id='word_1_161' title='bbox 183 2344 344 2406; x_wconf 76' lang='lat' dir='ltr'>aliilegrmt:</span> <span class='ocrx_word' id='word_1_162' title='bbox 371 2345 479 2393; x_wconf 75' lang='lat' dir='ltr'>etmocit</span> <span class='ocrx_word' id='word_1_163' title='bbox 501 2344 609 2392; x_wconf 77' lang='lat' dir='ltr'>Boccare</span> <span class='ocrx_word' id='word_1_164' title='bbox 630 2344 687 2407; x_wconf 76' lang='lat' dir='ltr'>quiri</span> <span class='ocrx_word' id='word_1_165' title='bbox 708 2344 741 2392; x_wconf 79' lang='lat' dir='ltr'>rit</span> <span class='ocrx_word' id='word_1_166' title='bbox 761 2343 837 2407; x_wconf 73' lang='lat' dir='ltr'>opor?</span> <span class='ocrx_word' id='word_1_167' title='bbox 871 2345 920 2393; x_wconf 87' lang='lat' dir='ltr'>llla</span> <span class='ocrx_word' id='word_1_168' title='bbox 935 2348 1002 2394; x_wconf 85' lang='lat' dir='ltr'>enim</span> <span class='ocrx_word' id='word_1_169' title='bbox 1019 2346 1174 2408; x_wconf 65' lang='lat' dir='ltr'>saepiuscule</span> <span class='ocrx_word' id='word_1_170' title='bbox 1185 2345 1292 2398; x_wconf 77' lang='lat' dir='ltr'>dixerat</span> 
     </span>
     <span class='ocr_line' id='line_1_22' title="bbox 135 2407 1291 2475; baseline 0.004 -18"><span class='ocrx_word' id='word_1_171' title='bbox 135 2420 138 2427; x_wconf 81' lang='grc'><em>·</em></span> <span class='ocrx_word' id='word_1_172' title='bbox 184 2408 310 2473; x_wconf 81' lang='lat' dir='ltr'>Martiali,</span> <span class='ocrx_word' id='word_1_173' title='bbox 318 2407 395 2468; x_wconf 85' lang='lat' dir='ltr'>Pete,</span> <span class='ocrx_word' id='word_1_174' title='bbox 408 2408 497 2475; x_wconf 83' lang='lat' dir='ltr'>siquid</span> <span class='ocrx_word' id='word_1_175' title='bbox 510 2409 556 2460; x_wconf 86' lang='lat' dir='ltr'>tibi</span> <span class='ocrx_word' id='word_1_176' title='bbox 566 2415 686 2471; x_wconf 75' lang='lat' dir='ltr'>opita—6</span> <span class='ocrx_word' id='word_1_177' title='bbox 697 2409 786 2460; x_wconf 79' lang='lat' dir='ltr'>Petreio</span> <span class='ocrx_word' id='word_1_178' title='bbox 798 2425 840 2459; x_wconf 87' lang='lat' dir='ltr'>cor</span> <span class='ocrx_word' id='word_1_179' title='bbox 850 2425 909 2459; x_wconf 88' lang='lat' dir='ltr'>ame</span> <span class='ocrx_word' id='word_1_180' title='bbox 917 2410 1098 2474; x_wconf 77' lang='lat' dir='ltr'>prtitercodex</span> <span class='ocrx_word' id='word_1_181' title='bbox 1108 2411 1291 2463; x_wconf 73' lang='lat' dir='ltr'>Felicitani-</span> 
     </span>
     <span class='ocr_line' id='line_1_23' title="bbox 182 2473 1203 2540; baseline 0.005 -19"><span class='ocrx_word' id='word_1_182' title='bbox 182 2478 199 2521; x_wconf 87' lang='grc'><strong>6</strong></span> <span class='ocrx_word' id='word_1_183' title='bbox 216 2475 322 2525; x_wconf 64' lang='lat' dir='ltr'>Audaci</span> <span class='ocrx_word' id='word_1_184' title='bbox 334 2477 409 2525; x_wconf 77' lang='lat' dir='ltr'>acceia</span> <span class='ocrx_word' id='word_1_185' title='bbox 419 2476 443 2523; x_wconf 88' lang='lat' dir='ltr'>in</span> <span class='ocrx_word' id='word_1_186' title='bbox 456 2473 547 2524; x_wconf 87' lang='lat' dir='ltr'>codem</span> <span class='ocrx_word' id='word_1_187' title='bbox 560 2475 728 2525; x_wconf 71' lang='lat' dir='ltr'>codiee-1⁰</span> <span class='ocrx_word' id='word_1_188' title='bbox 745 2476 834 2524; x_wconf 84' lang='lat' dir='ltr'>Dicere</span> <span class='ocrx_word' id='word_1_189' title='bbox 843 2490 885 2524; x_wconf 84' lang='lat' dir='ltr'>ace</span> <span class='ocrx_word' id='word_1_190' title='bbox 894 2478 971 2540; x_wconf 81' lang='lat' dir='ltr'>poeria</span> <span class='ocrx_word' id='word_1_191' title='bbox 982 2476 1203 2527; x_wconf 80' lang='lat' dir='ltr'>Bererlantliltls.</span> 
     </span>
    </p>
   </div>
   <div class='ocr_carea' id='block_1_6' title="bbox 685 2590 792 2640">
    <p class='ocr_par' dir='ltr' id='par_1_6' title="bbox 685 2590 792 2640">
     <span class='ocr_line' id='line_1_24' title="bbox 685 2590 792 2640; baseline -0.009 0"><span class='ocrx_word' id='word_1_192' title='bbox 685 2590 792 2640; x_wconf 84' lang='lat' dir='ltr'>NO&#39;l&#39;AE</span> 
     </span>
    </p>
   </div>
   <div class='ocr_carea' id='block_1_7' title="bbox 184 2686 1294 2981">
    <p class='ocr_par' dir='ltr' id='par_1_7' title="bbox 184 2686 1294 2831">
     <span class='ocr_line' id='line_1_25' title="bbox 217 2686 1294 2752; baseline -0.002 -13"><span class='ocrx_word' id='word_1_193' title='bbox 217 2694 231 2739; x_wconf 72' lang='lat'>8</span> <span class='ocrx_word' id='word_1_194' title='bbox 250 2686 373 2752; x_wconf 74' lang='lat' dir='ltr'>Appellat]</span> <span class='ocrx_word' id='word_1_195' title='bbox 391 2687 511 2739; x_wconf 77' lang='lat' dir='ltr'>Credita:</span> <span class='ocrx_word' id='word_1_196' title='bbox 520 2687 621 2737; x_wconf 84' lang='lat' dir='ltr'>scilieet</span> <span class='ocrx_word' id='word_1_197' title='bbox 639 2702 655 2736; x_wconf 89' lang='lat' dir='ltr'>a</span> <span class='ocrx_word' id='word_1_198' title='bbox 675 2699 717 2737; x_wconf 87' lang='lat' dir='ltr'>me</span> <span class='ocrx_word' id='word_1_199' title='bbox 758 2702 801 2736; x_wconf 82' lang='lat' dir='ltr'>ene</span> <span class='ocrx_word' id='word_1_200' title='bbox 818 2695 875 2737; x_wconf 85' lang='lat' dir='ltr'>est:</span> <span class='ocrx_word' id='word_1_201' title='bbox 893 2687 983 2736; x_wconf 83' lang='lat' dir='ltr'>Sidere</span> <span class='ocrx_word' id='word_1_202' title='bbox 1000 2701 1124 2751; x_wconf 78' lang='lat' dir='ltr'>percussa</span> <span class='ocrx_word' id='word_1_203' title='bbox 1143 2694 1188 2736; x_wconf 85' lang='lat' dir='ltr'>tna</span> <span class='ocrx_word' id='word_1_204' title='bbox 1206 2688 1294 2750; x_wconf 73' lang='lat' dir='ltr'>lingua</span> 
     </span>
     <span class='ocr_line' id='line_1_26' title="bbox 184 2763 1291 2831; baseline -0.004 -14"><span class='ocrx_word' id='word_1_205' title='bbox 184 2767 266 2831; x_wconf 82' lang='lat' dir='ltr'>exigit</span> <span class='ocrx_word' id='word_1_206' title='bbox 274 2765 367 2817; x_wconf 71' lang='lat' dir='ltr'>fanu.</span> <span class='ocrx_word' id='word_1_207' title='bbox 758 2771 869 2828; x_wconf 73' lang='lat' dir='ltr'>arraret.</span> <span class='ocrx_word' id='word_1_208' title='bbox 886 2764 961 2813; x_wconf 87' lang='lat' dir='ltr'>Idem</span> <span class='ocrx_word' id='word_1_209' title='bbox 973 2763 1038 2813; x_wconf 80' lang='lat' dir='ltr'><strong>dixit</strong></span> <span class='ocrx_word' id='word_1_210' title='bbox 1052 2764 1097 2813; x_wconf 86' lang='lat' dir='ltr'>lib.</span> <span class='ocrx_word' id='word_1_211' title='bbox 1110 2777 1151 2813; x_wconf 82' lang='lat' dir='ltr'>xr.</span> <span class='ocrx_word' id='word_1_212' title='bbox 1161 2764 1239 2830; x_wconf 72' lang='lat' dir='ltr'>Eplg.</span> <span class='ocrx_word' id='word_1_213' title='bbox 1250 2769 1291 2813; x_wconf 80' lang='grc'>86.</span> 
     </span>
    </p>

    <p class='ocr_par' dir='ltr' id='par_1_8' title="bbox 186 2840 1293 2981">
     <span class='ocr_line' id='line_1_27' title="bbox 217 2840 1293 2906; baseline -0.001 -15"><span class='ocrx_word' id='word_1_214' title='bbox 217 2850 231 2891; x_wconf 83' lang='lat'><strong>5</strong></span> <span class='ocrx_word' id='word_1_215' title='bbox 251 2843 349 2906; x_wconf 76' lang='lat' dir='ltr'>Peneia]</span> <span class='ocrx_word' id='word_1_216' title='bbox 367 2841 468 2891; x_wconf 85' lang='lat' dir='ltr'>AEdium</span> <span class='ocrx_word' id='word_1_217' title='bbox 488 2856 583 2905; x_wconf 85' lang='lat' dir='ltr'>nempe</span> <span class='ocrx_word' id='word_1_218' title='bbox 604 2842 716 2891; x_wconf 86' lang='lat' dir='ltr'>eonduc-</span> <span class='ocrx_word' id='word_1_219' title='bbox 758 2840 1293 2904; x_wconf 60' lang='lat' dir='ltr'>‘siderepercursantiubirotibtzoite,</span> 
     </span>
     <span class='ocr_line' id='line_1_28' title="bbox 186 2917 863 2981; baseline -0.001 -13"><span class='ocrx_word' id='word_1_220' title='bbox 186 2926 283 2970; x_wconf 84' lang='lat' dir='ltr'>tarum.</span> <span class='ocrx_word' id='word_1_221' title='bbox 362 2970 365 2976; x_wconf 80' lang='grc'><em>,</em></span> <span class='ocrx_word' id='word_1_222' title='bbox 758 2917 863 2981; x_wconf 67' lang='lat' dir='ltr'>lingna!</span> 
     </span>
    </p>
   </div>
   <div class='ocr_carea' id='block_1_8' title="bbox 217 2987 1384 3060">
    <p class='ocr_par' dir='ltr' id='par_1_9' title="bbox 217 2987 1384 3060">
     <span class='ocr_line' id='line_1_29' title="bbox 217 2987 1384 3060; baseline 0 -15"><span class='ocrx_word' id='word_1_223' title='bbox 217 3001 234 3045; x_wconf 81' lang='lat' dir='ltr'>u</span> <span class='ocrx_word' id='word_1_224' title='bbox 250 2996 309 3045; x_wconf 84' lang='lat' dir='ltr'>Fioo</span> <span class='ocrx_word' id='word_1_225' title='bbox 325 3000 352 3045; x_wconf 78' lang='lat' dir='ltr'>ot</span> <span class='ocrx_word' id='word_1_226' title='bbox 367 2987 601 3057; x_wconf 71' lang='lat' dir='ltr'>cidereJ&#39;Sideratin</span> <span class='ocrx_word' id='word_1_227' title='bbox 613 2994 717 3044; x_wconf 84' lang='lat' dir='ltr'>morbus</span> <span class='ocrx_word' id='word_1_228' title='bbox 792 3002 824 3046; x_wconf 87' lang='lat'>10</span> <span class='ocrx_word' id='word_1_229' title='bbox 843 2997 908 3053; x_wconf 80' lang='lat' dir='ltr'>Qoio</span> <span class='ocrx_word' id='word_1_230' title='bbox 917 2996 950 3045; x_wconf 84' lang='lat' dir='ltr'>eit</span> <span class='ocrx_word' id='word_1_231' title='bbox 966 2994 1035 3060; x_wconf 76' lang='lat' dir='ltr'>opor]</span> <span class='ocrx_word' id='word_1_232' title='bbox 1052 2996 1095 3047; x_wconf 88' lang='lat' dir='ltr'>Ne</span> <span class='ocrx_word' id='word_1_233' title='bbox 1107 2994 1225 3060; x_wconf 80' lang='lat' dir='ltr'>proferat</span> <span class='ocrx_word' id='word_1_234' title='bbox 1236 2996 1293 3045; x_wconf 82' lang='lat' dir='ltr'>lraee</span> <span class='ocrx_word' id='word_1_235' title='bbox 1380 3043 1384 3052; x_wconf 63' lang='grc'>,</span> 
     </span>
    </p>
   </div>
   <div class='ocr_carea' id='block_1_9' title="bbox 182 3073 1293 3292">
    <p class='ocr_par' dir='ltr' id='par_1_10' title="bbox 182 3073 1293 3292">
     <span class='ocr_line' id='line_1_30' title="bbox 184 3073 1293 3139; baseline 0.002 -17"><span class='ocrx_word' id='word_1_236' title='bbox 184 3081 233 3134; x_wconf 78' lang='lat' dir='ltr'>eet,</span> <span class='ocrx_word' id='word_1_237' title='bbox 245 3089 296 3138; x_wconf 87' lang='lat' dir='ltr'>quo</span> <span class='ocrx_word' id='word_1_238' title='bbox 306 3074 375 3123; x_wconf 78' lang='lat' dir='ltr'>laeeae</span> <span class='ocrx_word' id='word_1_239' title='bbox 392 3075 497 3124; x_wconf 79' lang='lat' dir='ltr'>arborea</span> <span class='ocrx_word' id='word_1_240' title='bbox 510 3081 645 3122; x_wconf 85' lang='lat' dir='ltr'>arescunt:</span> <span class='ocrx_word' id='word_1_241' title='bbox 657 3073 717 3122; x_wconf 88' lang='lat' dir='ltr'>hinc</span> <span class='ocrx_word' id='word_1_242' title='bbox 759 3076 849 3136; x_wconf 84' lang='lat' dir='ltr'>verba,</span> <span class='ocrx_word' id='word_1_243' title='bbox 857 3073 949 3139; x_wconf 83' lang='lat' dir='ltr'>quibus</span> <span class='ocrx_word' id='word_1_244' title='bbox 961 3074 1129 3122; x_wconf 80' lang='lat' dir='ltr'>cirerrmvenie</span> <span class='ocrx_word' id='word_1_245' title='bbox 1138 3075 1293 3137; x_wconf 82' lang='lat' dir='ltr'>amicae,qtri</span> 
     </span>
     <span class='ocr_line' id='line_1_31' title="bbox 184 3150 1263 3215; baseline 0.004 -17"><span class='ocrx_word' id='word_1_246' title='bbox 184 3151 350 3201; x_wconf 73' lang='lat' dir='ltr'>siderationis</span> <span class='ocrx_word' id='word_1_247' title='bbox 360 3167 453 3202; x_wconf 75' lang='lat' dir='ltr'>conten</span> <span class='ocrx_word' id='word_1_248' title='bbox 467 3151 621 3201; x_wconf 79' lang='lat' dir='ltr'>translatum</span> <span class='ocrx_word' id='word_1_249' title='bbox 633 3151 717 3199; x_wconf 87' lang='lat' dir='ltr'>estad</span> <span class='ocrx_word' id='word_1_250' title='bbox 759 3150 871 3202; x_wconf 87' lang='lat' dir='ltr'>eredunt</span> <span class='ocrx_word' id='word_1_251' title='bbox 883 3158 910 3201; x_wconf 88' lang='lat' dir='ltr'>te</span> <span class='ocrx_word' id='word_1_252' title='bbox 923 3151 1116 3215; x_wconf 61' lang='lat' dir='ltr'>temptaminis</span> <span class='ocrx_word' id='word_1_253' title='bbox 1127 3159 1263 3203; x_wconf 84' lang='lat' dir='ltr'>staturum.</span> 
     </span>
     <span class='ocr_line' id='line_1_32' title="bbox 182 3227 719 3292; baseline 0.006 -19"><span class='ocrx_word' id='word_1_254' title='bbox 182 3227 321 3291; x_wconf 82' lang='lat' dir='ltr'>hominem,</span> <span class='ocrx_word' id='word_1_255' title='bbox 337 3229 512 3292; x_wconf 80' lang='lat' dir='ltr'>eujnacorpna</span> <span class='ocrx_word' id='word_1_256' title='bbox 524 3229 629 3278; x_wconf 80' lang='lat' dir='ltr'>arescit.</span> <span class='ocrx_word' id='word_1_257' title='bbox 655 3228 719 3277; x_wconf 84' lang='lat' dir='ltr'>Sen-</span> 
     </span>
    </p>
   </div>
   <div class='ocr_carea' id='block_1_10' title="bbox 601 3391 880 3575">
    <p class='ocr_par' dir='ltr' id='par_1_11' title="bbox 601 3391 880 3575">
     <span class='ocr_line' id='line_1_33' title="bbox 668 3391 880 3482; baseline 0.009 -24"><span class='ocrx_word' id='word_1_258' title='bbox 668 3391 810 3460; x_wconf 85' lang='lat' dir='ltr'>xcrrr.</span> <span class='ocrx_word' id='word_1_259' title='bbox 876 3475 880 3482; x_wconf 46' lang='grc'><em>,</em></span> 
     </span>
     <span class='ocr_line' id='line_1_34' title="bbox 601 3525 872 3575; baseline 0.011 -3"><span class='ocrx_word' id='word_1_260' title='bbox 601 3525 653 3573; x_wconf 81' lang='grc' dir='ltr'>ΑΙ)</span> <span class='ocrx_word' id='word_1_261' title='bbox 676 3526 872 3575; x_wconf 81' lang='lat' dir='ltr'>NARNlAM.</span> 
     </span>
    </p>
   </div>
   <div class='ocr_carea' id='block_1_11' title="bbox 184 3625 1087 3813">
    <p class='ocr_par' dir='ltr' id='par_1_12' title="bbox 184 3625 1087 3813">
     <span class='ocr_line' id='line_1_35' title="bbox 184 3625 1087 3708; baseline -0.004 -12"><span class='ocrx_word' id='word_1_262' title='bbox 184 3631 220 3696; x_wconf 88' lang='lat' dir='ltr'>N</span> <span class='ocrx_word' id='word_1_263' title='bbox 222 3645 356 3708; x_wconf 74' lang='lat' dir='ltr'>anull,</span> <span class='ocrx_word' id='word_1_264' title='bbox 373 3625 522 3692; x_wconf 82' lang='lat' dir='ltr'>sulfureo</span> <span class='ocrx_word' id='word_1_265' title='bbox 539 3644 641 3707; x_wconf 91' lang='lat' dir='ltr'>quam</span> <span class='ocrx_word' id='word_1_266' title='bbox 654 3629 784 3708; x_wconf 82' lang='lat' dir='ltr'>gurgite</span> <span class='ocrx_word' id='word_1_267' title='bbox 800 3629 967 3694; x_wconf 86' lang='lat' dir='ltr'>candidus</span> <span class='ocrx_word' id='word_1_268' title='bbox 979 3629 1087 3694; x_wconf 88' lang='lat' dir='ltr'>amnis</span> 
     </span>
     <span class='ocr_line' id='line_1_36' title="bbox 227 3725 868 3813; baseline -0.005 -16"><span class='ocrx_word' id='word_1_269' title='bbox 227 3731 363 3807; x_wconf 88' lang='lat' dir='ltr'>Circuit,</span> <span class='ocrx_word' id='word_1_270' title='bbox 379 3728 518 3813; x_wconf 88' lang='lat' dir='ltr'>ancipiti</span> <span class='ocrx_word' id='word_1_271' title='bbox 532 3729 593 3791; x_wconf 85' lang='lat' dir='ltr'>vix</span> <span class='ocrx_word' id='word_1_272' title='bbox 608 3725 763 3792; x_wconf 87' lang='lat' dir='ltr'>adeunda</span> <span class='ocrx_word' id='word_1_273' title='bbox 773 3730 868 3813; x_wconf 87' lang='lat' dir='ltr'>jugo,</span> 
     </span>
    </p>
   </div>
   <div class='ocr_carea' id='block_1_12' title="bbox 217 3878 1291 4044">
    <p class='ocr_par' dir='ltr' id='par_1_13' title="bbox 217 3878 1291 4044">
     <span class='ocr_line' id='line_1_37' title="bbox 217 3878 1291 3945; baseline -0.004 -11"><span class='ocrx_word' id='word_1_274' title='bbox 217 3883 242 3934; x_wconf 93' lang='lat'>0</span> <span class='ocrx_word' id='word_1_275' title='bbox 253 3884 350 3934; x_wconf 78' lang='lat' dir='ltr'>Neruio</span> <span class='ocrx_word' id='word_1_276' title='bbox 361 3880 584 3941; x_wconf 70' lang='lat' dir='ltr'>mxeaeuodojrogo</span> <span class='ocrx_word' id='word_1_277' title='bbox 596 3878 707 3944; x_wconf 65' lang='lat' dir='ltr'>adciti,</span> <span class='ocrx_word' id='word_1_278' title='bbox 723 3894 795 3942; x_wconf 66' lang='lat' dir='ltr'>qum</span> <span class='ocrx_word' id='word_1_279' title='bbox 803 3881 879 3944; x_wconf 78' lang='lat' dir='ltr'>cingit</span> <span class='ocrx_word' id='word_1_280' title='bbox 894 3882 971 3932; x_wconf 63' lang='lat' dir='ltr'>caram</span> <span class='ocrx_word' id='word_1_281' title='bbox 981 3881 1048 3932; x_wconf 77' lang='lat' dir='ltr'>olleo</span> <span class='ocrx_word' id='word_1_282' title='bbox 1066 3879 1174 3941; x_wconf 70' lang='lat' dir='ltr'>misereo</span> <span class='ocrx_word' id='word_1_283' title='bbox 1182 3881 1291 3945; x_wconf 61' lang='lat' dir='ltr'>m,</span> 
     </span>
     <span class='ocr_line' id='line_1_38' title="bbox 680 3994 786 4044; baseline 0 0"><span class='ocrx_word' id='word_1_284' title='bbox 680 3994 786 4044; x_wconf 83' lang='lat' dir='ltr'><strong>NOTAE</strong></span> 
     </span>
    </p>
   </div>
   <div class='ocr_carea' id='block_1_13' title="bbox 185 4069 1292 4313">
    <p class='ocr_par' dir='ltr' id='par_1_14' title="bbox 185 4069 1292 4313">
     <span class='ocr_line' id='line_1_39' title="bbox 216 4069 1292 4159; baseline 0 -14"><span class='ocrx_word' id='word_1_285' title='bbox 216 4096 355 4159; x_wconf 84' lang='lat' dir='ltr'>lNornio]</span> <span class='ocrx_word' id='word_1_286' title='bbox 381 4095 495 4146; x_wconf 75' lang='lat' dir='ltr'>Umbria</span> <span class='ocrx_word' id='word_1_287' title='bbox 530 4094 601 4155; x_wconf 81' lang='lat' dir='ltr'>urbs,</span> <span class='ocrx_word' id='word_1_288' title='bbox 630 4091 717 4156; x_wconf 84' lang='lat' dir='ltr'>hodie,</span> <span class='ocrx_word' id='word_1_289' title='bbox 789 4092 933 4156; x_wconf 64' lang='lat' dir='ltr'>:coapta</span> <span class='ocrx_word' id='word_1_290' title='bbox 944 4093 1019 4157; x_wconf 78' lang='lat' dir='ltr'>jugo]</span> <span class='ocrx_word' id='word_1_291' title='bbox 1037 4095 1097 4144; x_wconf 89' lang='lat' dir='ltr'>Hoc</span> <span class='ocrx_word' id='word_1_292' title='bbox 1109 4102 1160 4154; x_wconf 81' lang='lat' dir='ltr'>est,</span> <span class='ocrx_word' id='word_1_293' title='bbox 1180 4069 1292 4159; x_wconf 70' lang='lat' dir='ltr'>gemino,</span> 
     </span>
     <span class='ocr_line' id='line_1_40' title="bbox 187 4168 1177 4240; baseline -0.003 -16"><span class='ocrx_word' id='word_1_294' title='bbox 187 4174 274 4234; x_wconf 79' lang='lat' dir='ltr'>Nomi,</span> <span class='ocrx_word' id='word_1_295' title='bbox 285 4190 360 4240; x_wconf 86' lang='lat' dir='ltr'>quam</span> <span class='ocrx_word' id='word_1_296' title='bbox 373 4172 454 4239; x_wconf 76' lang='lat' dir='ltr'>cingit</span> <span class='ocrx_word' id='word_1_297' title='bbox 466 4171 548 4224; x_wconf 82' lang='lat' dir='ltr'>amnis</span> <span class='ocrx_word' id='word_1_298' title='bbox 556 4172 620 4233; x_wconf 86' lang='lat' dir='ltr'>Nar,</span> <span class='ocrx_word' id='word_1_299' title='bbox 631 4168 718 4233; x_wconf 85' lang='lat' dir='ltr'>lrodie,</span> <span class='ocrx_word' id='word_1_300' title='bbox 754 4184 850 4236; x_wconf 82' lang='lat' dir='ltr'>nempe</span> <span class='ocrx_word' id='word_1_301' title='bbox 856 4170 924 4236; x_wconf 79' lang='lat' dir='ltr'>jugo</span> <span class='ocrx_word' id='word_1_302' title='bbox 933 4173 1027 4222; x_wconf 78' lang='lat' dir='ltr'>mantio</span> <span class='ocrx_word' id='word_1_303' title='bbox 1037 4172 1177 4237; x_wconf 80' lang='lat' dir='ltr'>Apennini.</span> 
     </span>
     <span class='ocr_line' id='line_1_41' title="bbox 185 4252 278 4313; baseline -0.022 -12"><span class='ocrx_word' id='word_1_304' title='bbox 185 4252 278 4313; x_wconf 79' lang='lat' dir='ltr'>Negra.</span> 
     </span>
    </p>
   </div>
   <div class='ocr_carea' id='block_1_14' title="bbox 0 0 1528 4900">
    <p class='ocr_par' dir='ltr' id='par_1_15' title="bbox 0 0 1528 4900">
     <span class='ocr_line' id='line_1_42' title="bbox 0 0 1528 4900; baseline 0 0"><span class='ocrx_word' id='word_1_305' title='bbox 0 0 1528 4900; x_wconf 95' lang='lat' dir='ltr'> </span> 
     </span>
    </p>
   </div>
  </div>
 </body>
</html>
