3034 4900
234 339 275 404 16
537 354 576 402 u.
599 352 684 401 var..
708 348 915 399 maurianis
939 350 1038 398 vira.

234 497 348 573 vitam,
371 516 470 579 quam
490 497 523 562 in
547 497 657 580 patria
676 495 836 581 speravit,
856 495 997 575 invenit3
1018 495 1121 561 immo
1137 495 1336 561 aemulorum

233 599 437 682 municipum
462 599 564 665 dente
587 600 751 666 laceratus
772 597 921 676 assidue,
941 617 986 662 ex
1001 595 1207 682 aegritudine,
1222 596 1334 677 credo,
1442 586 1443 589 ¹

232 701 334 768 animi
348 703 498 767 morbum
519 702 685 786 concepit,
700 707 735 767 et
748 701 858 787 periit.
903 698 994 765 Nam
1017 699 1122 785 paulo
1144 703 1234 784 post,
1258 699 1335 784 ejus

230 809 367 868 mortem
396 801 529 871 Plinius
554 804 696 888 eleganti
719 803 763 870 ad
790 801 947 868 Priscum
969 804 1111 888 epistola
1135 802 1333 887 deploravit,

231 905 398 990 simulque
420 908 509 979 velut
535 907 688 973 funebria
716 906 887 991 persolvit.
943 907 1069 972 Forma
1093 906 1162 972 oris
1191 910 1226 970 et
1248 924 1335 972 voce

229 1009 318 1074 virili
332 1010 405 1088 suit,
430 1011 540 1094 piloso
555 1015 589 1076 ot
603 1011 730 1075 hirsuto
745 1029 900 1094 corpore,
915 1016 952 1075 ut
965 1009 1027 1074 illa
1040 1028 1122 1093 gens
1136 1009 1333 1095 plerumque

230 1111 322 1177 solet
367 1112 449 1177 Hoc
464 1112 568 1197 polita
582 1113 742 1190 ostendit,
758 1132 834 1178 oum
850 1128 890 1176 x.
911 1113 968 1178 65.
988 1111 1244 1179 Carmenionem
1258 1129 1331 1175 car·

228 1214 292 1298 pit,
308 1211 412 1300 seque
426 1215 542 1298 ipsum
555 1215 720 1305 depingit:

444 1317 612 1401 Hispanis
625 1338 688 1402 ego
703 1325 887 1385 contumax
901 1319 1048 1411 capillis,
1173 1326 1176 1331 “

444 1419 599 1486 Hirsutis
612 1440 676 1504 ego
689 1422 842 1487 cruribus
864 1422 1031 1505 genisque.

445 1521 495 1587 Os
510 1521 653 1615 blaesum
668 1523 741 1601 tibi,
754 1522 938 1607 debilisque
952 1523 1067 1605 lingua
1081 1529 1151 1587 est:

444 1623 556 1691 Nobis
569 1625 640 1691 filia
653 1626 769 1692 fortius
783 1625 947 1711 loquetur.

271 1725 485 1810 scripserunt
505 1727 645 1793 eandem
664 1728 832 1795 Martialis
846 1730 950 1796 vitam
970 1726 1182 1805 Oalderinus,
1207 1725 1331 1811 Sipon-

228 1827 329 1908 tinus,
345 1827 509 1913 Georgius
524 1828 789 1910 Alexandrinus,
813 1831 936 1897 Petrus
951 1829 1111 1911 Crinitus,
1134 1834 1168 1895 et
1187 1829 1245 1893 alii
1267 1828 1331 1892 hos

227 1932 342 1995 secuti.
386 1930 464 1997 Nos
478 1951 524 1997 ex
542 1932 618 2018 ipso
640 1931 798 2007 Martiale
814 1933 1011 2000 Martialem
1025 1932 1192 1998 voluimus
1207 1928 1327 2012 depin-

226 2050 314 2113 gere.
358 2032 438 2098 Hoc
453 2035 628 2100 mantissoe
643 2035 720 2101 loco
734 2035 912 2124 addamus,
923 2034 1124 2120 quibusdam
1140 2030 1330 2096 Martialem

226 2133 338 2197 visum
353 2153 429 2199 esse
453 2155 558 2219 prope
574 2135 811 2202 Christianum.
855 2135 984 2219 Accipe
1005 2153 1052 2200 ex
1074 2131 1264 2219 periphrasi
1278 2151 1331 2197 se·

213 2234 336 2306 ,cunda
357 2235 533 2301 luvenalis
549 2235 701 2304 Claverii
723 2242 844 2304 verba:
867 2237 1025 2303 ‘Scitum
1049 2241 1102 2302 est
1123 2255 1215 2315 vero,
1238 2234 1332 2300 Mar-

228 2336 342 2401 tialem
367 2357 435 2402 non
457 2334 603 2403 invisum
629 2359 706 2405 csse
732 2339 934 2406 Christianis
944 2360 961 2427 ε,
984 2358 1063 2403 nam
1089 2336 1274 2402 Pudentem
1295 2340 1331 2399 et

227 2435 405 2505 Claudiam
419 2460 481 2525 par
501 2442 614 2508 nobile
629 2462 671 2508 ac
693 2443 796 2509 beato
812 2442 934 2513 Paullo
953 2439 1235 2528 jucundissimum
1255 2437 1330 2523 plu·

224 2540 318 2606 rimis
331 2542 366 2606 in
381 2544 504 2608 coelum
519 2544 677 2618 laudibus
692 2544 797 2609 effert.
843 2543 896 2610 Ao
911 2564 1010 2628 paene
1026 2563 1183 2627 auguror,
1206 2547 1330 2607 hemu-

224 2641 295 2707 lum
310 2645 477 2728 quendam
492 2647 575 2711 solis
598 2646 713 2712 aeterni
733 2647 963 2712 radiusculum
985 2646 1042 2711 isti
1064 2644 1176 2731 poetae
1191 2643 1328 2709 tandem
1424 2699 1428 2717 Ι

188 2738 201 2765 “
224 2744 410 2813 affulsisse:
433 2748 513 2813 licet
526 2750 623 2831 plura
637 2748 667 2834 ej
673 2767 713 2814 us
727 2749 783 2814 rel
797 2749 911 2838 priora
925 2748 961 2811 in
982 2748 1161 2814 lasciviam
1175 2751 1328 2828 vergant,

224 2854 265 2911 ut
283 2846 385 2913 hodie
408 2850 523 2915 multis
539 2848 739 2915 Christianis
754 2848 915 2933 contigit?
958 2849 1031 2933 Ego
1054 2857 1164 2915 tamen
1181 2846 1327 2912 nondum

225 2949 378 3029 inducor,
400 2957 436 3016 ut
447 2953 511 3017 hoo
526 2953 570 3018 ad
586 2954 733 3018 animum
747 2952 935 3038 admittam,
957 2954 1023 3016 nisi
1036 2952 1118 3017 mihi
1133 2949 1280 3015 sanctior
1294 2951 1328 3013 et
1347 3029 1351 3032 Α

223 3052 343 3117 certior
357 3054 452 3118 testis
464 3054 597 3119 tabulas
612 3056 700 3119 alias
715 3055 884 3133 exhibeat,
895 3054 986 3138 quod
996 3054 1063 3131 hic,
1075 3072 1172 3136 quem
1186 3050 1327 3128 adduxi,

222 3160 293 3218 tam
307 3156 444 3222 idonens
458 3160 492 3221 et
512 3161 651 3222 sanctus
666 3157 830 3235 videatur,
853 3177 956 3243 qnam
976 3158 1053 3240 ipse
1068 3152 1244 3242 Martialis
1264 3159 1325 3216 est.

222 3254 360 3321 Pudens
374 3263 485 3322 autern
497 3258 553 3323 ille
565 3266 600 3323 et
611 3256 766 3337 Claudia,
778 3279 864 3342 quos
876 3260 913 3325 S.
925 3257 1064 3324 Paullus
1076 3258 1205 3322 salvere
1215 3255 1325 3340 jubet,

221 3377 289 3421 non
311 3358 465 3424 videntur
487 3360 524 3435 ii,
550 3379 637 3444 quos
660 3359 830 3426 Martialis
860 3360 1023 3426 celebrat.
1067 3357 1146 3423 Fuit
1168 3356 1256 3421 enim
1279 3352 1323 3425 A..

224 3457 362 3526 Pudens
391 3460 575 3542 MartialiS,
605 3464 752 3528 centurio
782 3463 946 3548 profanus
975 3468 1009 3527 et
1039 3460 1193 3543 Encolpo
1220 3476 1324 3543 puero

223 3564 459 3648 transcriptus,
489 3584 558 3629 non
581 3565 814 3651 philosophus.
858 3564 1032 3632 Praeterea
1057 3563 1167 3627 multo
1192 3561 1260 3624 illis
1288 3558 1325 3623 hi

216 3663 379 3747 juniores,
411 3665 600 3751 dequibus
627 3682 676 3731 1V.
703 3666 756 3731 13.
782 3666 922 3751 plenius.
968 3665 1107 3730 Pudens
1131 3662 1259 3745 hospes
1284 3659 1323 3726 S.

220 3763 314 3830 Petri
340 3767 464 3832 ordinis
482 3769 563 3853 jam·
582 3775 655 3834 tum
678 3769 854 3848 senatorii,
882 3787 950 3834 non
980 3766 1139 3833 centurio.
1184 3761 1323 3858 Fabulis

219 3885 298 3949 ergo
312 3870 453 3950 gemina,
467 3890 542 3954 qnae
552 3879 687 3936 narrant
697 3871 905 3940 Britannicae
917 3857 1144 3956 antiquitates,
1156 3864 1322 3952 anuperis

221 3968 436 4053 scriptoribus
452 3961 673 4039 concinnatae.
