3034 4900
609 290 649 340 ll.
672 289 758 340 ΠΒ.
782 287 995 341 uturum

376 436 448 515 Ant
461 438 593 524 grandis
607 444 765 521 renuant
778 446 901 526 potens
917 439 1067 507 amicus:

376 544 447 610 Seu
458 543 551 631 quod
565 550 598 610 te
612 545 728 630 potius
741 547 841 632 juvat
855 546 1020 631 capitque.

376 645 436 713 Sic
451 649 568 714 vincas
583 647 803 733 Noviumque
820 648 1049 733 Publiumque

376 749 533 817 Mandris
548 759 583 817 et
596 753 704 819 vitreo
718 754 846 819 latrone
860 753 1019 835 clausos3

375 854 436 922 Sic
448 856 598 941 palmam
613 858 677 922 tibi
691 857 733 923 de
748 858 876 940 trigone
892 856 984 922 nudo

371 956 500 1025 Unctae
515 959 574 1026 det
585 960 683 1028 favor
696 962 820 1028 arbiter
833 980 981 1040 coronae,

377 1060 455 1129 Neo
467 1062 584 1130 laudet
597 1064 721 1150 Polybi
734 1064 846 1148 magia
860 1065 1035 1130 sinistras:

377 1164 416 1230 Si
430 1167 609 1252 quiequam
623 1186 699 1234 mea
713 1169 840 1234 dixerit
852 1168 1021 1252 malignus

247 1341 589 1420 montembarrum.-
603 1344 653 1393 sice
662 1346 723 1408 qaod
733 1349 757 1393 te
772 1344 874 1421 delectu
888 1348 912 1395 st
923 1348 996 1394 tenet.
1029 1340 1072 1392 die
1089 1355 1185 1421 mperes
1204 1340 1313 1418 Nemora
1328 1344 1351 1389 et

247 1406 454 1458 Patlsarselaasos
462 1410 598 1458 mammet
608 1411 682 1459 citrea
692 1411 801 1460 latrone:
814 1408 928 1470 stefanae
938 1407 1015 1458 tarta
1026 1409 1185 1468 asctoeyudex
1193 1406 1239 1455 tsts
1256 1407 1350 1454 addicat

243 1471 368 1534 mam
376 1475 406 1523 de
416 1473 510 1536 trigone
520 1475 592 1538 awo,
606 1489 650 1525 sse
663 1475 742 1538 magis
756 1477 900 1527 commendet
916 1473 1028 1525 sinim
1047 1471 1150 1538 Palatii.
1183 1471 1212 1521 m·
1229 1471 1350 1535 quisquan

706 1589 888 1609 ”venenuo

246 1654 306 1718 qaod
317 1652 473 1702 Beverlandi
490 1652 606 1703 Ma-lo
627 1653 725 1705 Nuacta
741 1659 766 1704 te
776 1654 850 1714 sooor
868 1654 895 1706 in
912 1632 1247 1709 mercenarorium-11
1266 1650 1352 1715 Polybi

246 1732 329 1768 masas
337 1719 449 1769 siriam
459 1718 543 1769 codex
555 1718 701 1769 Pulmanni.

744 1799 852 1853 norm
896 1768 902 1778 ’

276 1900 294 1946 4
310 1897 359 1946 Sed
369 1895 457 1960 baeu]
474 1897 551 1961 Epig.
561 1901 604 1948 47.
615 1913 704 1963 snpra.
819 1900 853 1950 de
865 1898 932 1951 Arte
938 1900 1058 1951 amandis
1074 1899 1153 1950 ‘Sive
1162 1897 1294 1948 latrocinii
1303 1897 1353 1946 sub

278 1972 498 2037 &ninevem
505 1973 620 2037 licceat,
627 1977 722 2039 pocula
730 1988 779 2025 an·
818 1977 932 2041 imagine
950 1977 1065 2028 calculus
1076 1976 1134 2033 ibit,
1145 1976 1199 2024 Fac
1211 1980 1305 2038 pereat
1316 1974 1351 2021 ri·

248 2051 330 2115 tique,
342 2058 370 2119 et
380 2052 466 2117 magni
476 2053 566 2116 pretii.
818 2061 876 2105 tren
897 2055 971 2104 miles
984 2054 1018 2105 ab
1034 2053 1110 2103 hoste
1123 2052 1200 2102 tuus?
1232 2051 1292 2101 Nec
1313 2059 1350 2100 ta·

278 2133 292 2176 5
313 2129 420 2180 Grandis
429 2129 494 2194 reus]
513 2129 600 2181 cbaos
617 2129 690 2181 dives
701 2146 778 2196 quem
820 2145 880 2181 men
896 2146 938 2181 me
956 2131 1086 2195 preterit,
1096 2131 1133 2180 sic
1145 2128 1233 2194 pergit
1243 2127 1351 2190 Calcag·

249 2202 400 2257 defendisti.
821 2209 907 2271 ninus,
925 2222 1055 2274 gemmeus
1076 2207 1139 2272 quin
1159 2212 1187 2255 et
1214 2204 1311 2255 vitreos
1335 2218 1351 2251 a

279 2283 626 2351 iNonismquePabliumqae]
645 2284 779 2335 Peritissi·
821 2284 945 2335 Martiale
954 2285 1067 2335 calculos
1077 2281 1216 2348 appellari:
1233 2279 1351 2330 ‘Siculo

246 2374 301 2410 mos
312 2375 404 2425 nempe
416 2362 573 2412 calculorum
585 2363 692 2412 lusores.
720 2363 778 2412 Cal·
819 2377 863 2414 cas
885 2364 1000 2414 Novium
1026 2360 1201 2424 Publiumque
1224 2356 1354 2419 Mandris,

247 2436 378 2502 csguinus,
387 2437 420 2488 de
429 2438 586 2490 calculorum
597 2438 667 2501 ludo,
677 2439 714 2490 sic
723 2439 777 2489 cal·
820 2446 848 2492 et
859 2440 944 2492 vitreo
954 2441 1057 2491 latrone
1072 2435 1192 2489 clausos!
1226 2433 1350 2485 Mandros

246 2516 319 2569 calos
329 2517 459 2582 explicat:
477 2518 548 2571 Quin
559 2524 588 2568 et
607 2518 736 2568 lenonum
749 2525 778 2569 et
820 2519 888 2571 enim
900 2519 985 2570 dictas
996 2526 1071 2583 puto,
1087 2530 1150 2583 quas
1160 2513 1279 2578 regiones
1291 2513 1351 2562 Pol·

246 2597 446 2645 canamuorniue
453 2597 601 2647 celebratos
612 2598 724 2649 calculos
732 2614 778 2664 ag-
818 2598 963 2657 lanceat,
986 2602 1013 2646 et
1029 2592 1192 2646 Euatatlrius:
1214 2605 1272 2640 curn
1290 2604 1350 2639 vero

246 2686 342 2723 nosco:
355 2681 433 2724 erant
451 2675 552 2725 scilicet
561 2674 588 2724 in
600 2675 691 2739 abaco,
701 2690 778 2741 quem
819 2673 938 2725 distincti
948 2670 1036 2724 forent
1047 2672 1099 2721 suis
1110 2666 1238 2720 coloribus
1248 2666 1352 2728 calculi,

246 2758 274 2799 et
290 2748 394 2800 πλίνθων
415 2759 583 2814 vocaverunt,
594 2767 640 2802 seu
659 2761 688 2802 tu
699 2753 778 2803 leter-
818 2757 848 2801 et
863 2765 897 2800 ex
913 2750 944 2800 iis
955 2749 999 2799 ille
1009 2747 1143 2812 deperiret
1155 2744 1197 2811 qni
1208 2747 1278 2795 inter
1289 2744 1352 2794 duos

246 2828 331 2877 culum
338 2827 446 2891 dixeris,
458 2829 579 2894 regiones
591 2828 663 2879 lineis
674 2829 782 2879 distinc·
821 2825 999 2890 deprehensus
1007 2824 1087 2876 facile
1103 2823 1284 2874 circumveniri
1298 2835 1353 2887 pos·

247 2912 300 2954 tae:
316 2905 361 2954 baa
379 2906 456 2955 urbes
475 2906 668 2970 nuncupabant.
696 2895 781 2956 Erant
822 2910 873 2968 set,
881 2903 944 2953 hinc
956 2902 989 2952 ab
1001 2901 1093 2952 eodem
1111 2900 1236 2950 Martiale
1253 2898 1351 2948 dictum

162 3023 164 3029 ,
245 2980 286 3031 bae
298 2983 417 3046 regiones
429 2983 706 3048 plerumquequinque
714 2982 781 3032 line·
822 2987 959 3045 pammac:
977 2977 1115 3029 ‘Discolor
1134 2973 1351 3041 bicgerninovic·

246 3059 303 3122 olis,
314 3060 570 3126 munerandisque,
580 3058 780 3110 etdecnaaatio·
822 3057 993 3125 tussblreste
1009 3055 1098 3121 perit?
1131 3055 1207 3105 Idem
1218 3051 1352 3115 calcagni-

246 3135 321 3186 uibua
341 3137 489 3188 alternatim
512 3136 645 3199 dimensae,
666 3136 779 3201 quinque
821 3149 867 3185 nus
886 3139 963 3198 putat
974 3134 1043 3183 hunc
1053 3131 1211 3192 calculorum
1220 3128 1307 3179 ludum
1316 3125 1354 3175 di·

247 3219 275 3262 et
294 3214 387 3278 viginti
406 3227 527 3264 numero:
544 3213 650 3274 singulis
666 3213 780 3261 latrones
821 3224 922 3261 versum
932 3224 990 3261 esse
1002 3224 1018 3258 a
1029 3207 1125 3273 scapis,
1136 3205 1354 3269 earumdem,

247 3291 361 3356 quinque
383 3292 539 3354 insidebant,
550 3297 647 3355 praeter
658 3289 780 3353 mediam,
822 3287 955 3354 quosalli‘
966 3285 1137 3337 Latruuculos
1152 3284 1160 3309 '
1173 3291 1273 3337 vocant.

153 3381 156 3388 ·
246 3368 393 3418 ciritantum
405 3376 516 3433 quatuor
529 3367 781 3419 tribuebanturzexae
855 3369 928 3420 θυι
949 3367 1045 3431 trigoite
1061 3366 1135 3430 mdo]
1165 3367 1209 3416 De
1231 3365 1279 3413 hoc
1292 3362 1352 3426 pila

247 3443 469 3510 cubabantitaque
477 3445 598 3509 utrinque
604 3444 727 3506 latreum,
735 3456 783 3492 seu
823 3460 920 3511 genere
931 3445 977 3496 lib.
991 3442 1253 3514 rv.Epig.19.quern
1264 3438 1352 3490 ludum

246 3520 643 3584 esnesmavisdicere‚coloribus
650 3519 780 3583 distincti,
823 3525 888 3577 nudi
899 3532 928 3576 et
938 3524 1012 3577 uncti
1023 3521 1192 3574 exercebant.

245 3597 334 3647 hostili
342 3598 427 3648 animo
435 3598 596 3649 insidiantes.
615 3598 653 3647 Ea
664 3595 780 3647 fuitludi
853 3606 884 3653 ιι
901 3601 1000 3667 Polybi]
1016 3600 1124 3652 Lusoria
1141 3613 1204 3649 sane
1223 3594 1301 3661 periti
1319 3593 1352 3643 si·

245 3675 323 3739 ratio,
340 3682 369 3726 ut
385 3676 407 3726 si
423 3691 489 3727 nnus
509 3691 544 3725 ex
559 3675 647 3724 hostili
676 3673 779 3737 agmine
819 3677 903 3729 nistra
918 3693 971 3729 nen
982 3678 1064 3743 magis
1074 3676 1282 3740 laudaturquam
1297 3679 1350 3724 tua.

245 3751 412 3803 incomitatus
432 3753 683 3817 deprehenderetur,
692 3750 731 3799 ita
750 3756 780 3800 ut
820 3748 1351 3806 Observaaiuistrammaxirneusuiiuisse

245 3830 426 3882 circumveniri
437 3837 538 3895 posset,
549 3830 671 3894 captiuus
682 3827 780 3878 exacie
821 3832 849 3884 iu
864 3833 913 3883 boc
934 3832 1003 3883 indo.
1042 3830 1110 3881 Vide
1131 3829 1177 3880 lib.
1200 3841 1259 3878 xrv.
1276 3826 1352 3890 Epig.

246 3908 401 3958 traheretur.
429 3909 465 3958 Et
476 3909 554 3972 paulo
573 3905 650 3967 infra,
665 3908 709 3956 De
727 3906 781 3955 cal-
821 3913 863 3962 tc.

246 3984 322 4045 culis,
341 3984 435 4050 inquit,
451 3984 625 4035 meminerunt
642 3983 782 4045 Martialis,
854 3991 886 4037 12
903 3986 933 4035 Si
942 3983 1076 4050 eobanum]
1092 3983 1155 4034 Meo
1164 3982 1266 4031 nornine
1274 3978 1352 4029 famo·

246 4061 293 4109 lib.
314 4074 374 4110 xiv.
393 4061 470 4126 Epig.
484 4067 524 4113 2⁰·
544 4060 745 4113 ‘insidiosorum
757 4061 781 4109 ai
822 4079 851 4113 sa
873 4064 990 4112 earmina
1004 4060 1127 4122 ediderit,¹
1145 4074 1188 4110 me
1199 4053 1232 4108 a'b
1242 4059 1290 4107 leae
1306 4070 1349 4106 ea·

171 4193 177 4204 x
248 4137 316 4186 ludis
335 4137 405 4187 bella
417 4140 555 4200 latronum,
573 4140 713 4190 Gemmeus
729 4138 779 4189 iste
822 4140 917 4189 lomois
929 4137 1053 4189 defendas
1064 4150 1137 4201 rogo.

247 4212 295 4261 tibi
305 4214 389 4284 miles,
399 4223 427 4265 et
437 4214 517 4264 hostis
527 4215 579 4266 erit
587 4215 605 4264 τ’
620 4221 648 4266 et
665 4215 777 4266 Ovidius
