3034 4900
695 365 794 418 VITA·

192 511 268 578 Lib.
283 529 353 580 xrr.
368 510 421 579 18.

322 615 384 682 Me
398 614 524 683 multos
537 616 683 702 repetita
697 624 779 702 post
791 616 995 685 Decembres

322 719 467 805 Accepit
477 739 553 785 mea
565 720 791 804 rusticumque
805 720 885 786 fecit

323 821 419 888 Auro
430 822 572 888 ‘Bilbilis
588 831 621 890 et
635 824 779 908 superba
791 823 889 890 ferro.

194 923 261 990 Sed
270 922 314 990 de
322 925 433 1010 patria
442 925 610 992 Martialis
618 932 653 992 et
663 926 704 992 de
715 927 780 998 hac
791 926 906 993 Bilbili
916 928 1014 1011 plora
1026 942 1050 989 1.
1061 925 1114 991 50.
1147 923 1292 990 Romam

192 1024 294 1105 vonit,
323 1048 399 1093 cum
428 1047 553 1093 annum
577 1034 698 1119 agerat
714 1030 855 1095 alterum
876 1037 912 1094 et
934 1027 1132 1093 vicesimum
1155 1025 1291 1091 Nerone

192 1125 394 1210 imperante:
417 1130 486 1213 egit
499 1129 533 1195 in
546 1131 631 1195 urbe
647 1148 756 1216 annos·
767 1132 912 1215 quinque
928 1149 1034 1214 supra
1047 1129 1200 1219 triginta:
1223 1127 1292 1193 dis·

193 1230 295 1295 cessit
316 1231 459 1314 septimo
481 1239 518 1297 et
542 1232 828 1317 quinquagesimo.
881 1230 983 1311 Quod
1010 1231 1086 1314 ipse
1113 1248 1166 1295 me
1194 1228 1293 1294 docet

192 1330 307 1415 poeta,
321 1351 399 1398 oum
415 1349 484 1398 xr1.
499 1334 553 1400 31.
569 1334 612 1400 de
625 1334 729 1400 hortis
745 1333 921 1399 Marcellae
936 1333 1052 1399 uxoris
1065 1332 1113 1398 ite
1127 1333 1237 1397 canit>

279 1431 422 1501 Munere
435 1440 513 1502 suut
526 1437 671 1502 dominae
684 1442 763 1520 post
776 1437 921 1520 septima
933 1436 1039 1501 lustra
1052 1453 1196 1500 reverso.

193 1532 268 1599 Lib.
282 1554 362 1601 vero
375 1537 500 1603 x.104.
515 1557 537 1603 a
550 1538 660 1629 patria
674 1558 711 1602 se
722 1538 856 1621 triginta
866 1542 1010 1622 quatuor
1021 1555 1126 1602 annos
1138 1534 1291 1600 abfuisse

193 1637 302 1703 adbuc
316 1639 351 1703 in
364 1634 444 1704 urbe
452 1640 577 1731 degens
589 1640 735 1724 scripsit.
779 1640 885 1705 Porro
898 1656 936 1703 x.
951 1640 1005 1704 24.
1020 1638 1063 1703 de
1079 1637 1152 1704 suis
1166 1635 1292 1702 Kalen·

180 1738 257 1818 dis,
269 1748 382 1807 monet
395 1761 434 1807 se
449 1743 762 1828 quinquagesimum
776 1742 953 1827 septimum
967 1759 1089 1806 annum
1103 1740 1271 1824 attigisse:

366 1841 651 1929 Quinquagesima
662 1844 734 1909 liba
750 1844 994 1927 septimamque

362 1943 500 2010 Vestris
515 1944 673 2011 addimus
686 1945 774 2011 hanc
788 1944 875 2010 iocis
891 1963 1047 2008 acerram.

193 2044 248 2111 Ex
265 2045 388 2131 quibus
403 2046 581 2126 concludo,
602 2046 739 2130 potitam
758 2046 822 2112 sub
846 2045 992 2126 Nerone,
1008 2046 1132 2126 Galba,
1148 2044 1293 2126 Othone,

193 2147 350 2228 Vitellio,
376 2147 605 2233 Vespasiano,
629 2149 724 2229 Tito,
753 2150 960 2229 Domitiano,
985 2148 1110 2228 Nerva,
1134 2148 1293 2234 lbajano,

192 2250 315 2317 Βιιιιιω
327 2251 470 2330 vixisse,
486 2271 574 2330 cum,
590 2256 628 2317 ut
646 2253 745 2336 plane
768 2251 887 2332 sentio,
910 2254 973 2316 sub
994 2252 1137 2337 primum
1153 2250 1293 2335 llbajani

192 2373 325 2432 annum,
345 2352 438 2437 quod
455 2354 498 2418 ab
514 2373 556 2417 eo
570 2353 799 2436 negligeretur,
811 2353 847 2417 io
861 2354 1003 2437 patriam
1021 2353 1164 2432 redierit,
1178 2352 1293 2435 ibique

190 2462 270 2541 post
282 2456 550 2541 quadriennium,
570 2476 738 2523 summum
759 2457 1017 2540 quinquennium
1036 2462 1201 2534 exactum,
1215 2454 1293 2519 nlti-

191 2579 284 2624 mum
297 2559 378 2626 vitae
393 2558 484 2625 diem
498 2559 667 2639 clauserit,
678 2560 727 2625 ita
740 2566 778 2625 ut
794 2559 989 2637 ἑξηκονταετὴς
1002 2559 1072 2623 sere
1087 2558 1217 2635 obierit,
1232 2560 1293 2620 ant

193 2680 314 2727 annum
326 2662 411 2727 ultra
429 2661 533 2726 vitam
547 2662 741 2745 prorogarit.
786 2659 882 2725 Obiit
896 2679 973 2742 ergo
988 2678 1076 2724 anno
1090 2664 1170 2743 post
1185 2657 1230 2732 G,
1245 2657 1291 2723 N.

63 2833 66 2840 ⁴
194 2778 267 2827 civ,
282 2768 345 2827 aut
357 2762 485 2846 quinto,
496 2761 634 2846 TraJ'ani
649 2767 768 2846 quarto
780 2769 841 2828 aut
852 2761 977 2847 quinto,
987 2761 1073 2826 Sura
1083 2769 1121 2826 et
1131 2759 1293 2826 Serviano

192 2865 311 2929 itemm
340 2861 440 2930 (loss.
468 2862 605 2950 Olymp.
633 2880 749 2930 ccxx.
764 2882 794 2928 a.
820 2879 861 2928 11.
882 2869 962 2947 post
985 2862 1028 2928 U.
1054 2862 1093 2928 Ο.
1121 2877 1292 2929 ncccmv.

193 2964 315 3036 Remea
326 2965 534 3044 Domitiano,
549 2966 652 3030 immo
668 2972 702 3031 et
713 2965 796 3031 Tito
810 2984 908 3031 carus
923 2971 1099 3050 gratusque
1110 2965 1185 3043 fuit,
1200 2982 1293 3045 magr

193 3070 314 3153 nisque
328 3068 509 3134 honoribus
523 3073 557 3134 et
571 3069 670 3135 donis
686 3069 730 3136 ab
750 3074 890 3152 nunqua
911 3074 1065 3133 omatus:
1081 3066 1158 3152 jure
1172 3084 1293 3148 nempe

193 3171 294 3236 trium
312 3170 500 3249 liberorum,
522 3171 613 3254 quod
634 3171 743 3237 solum
765 3170 953 3254 Imperator
971 3168 1170 3246 conferebat,
1184 3166 1292 3231 maxi-

193 3292 327 3359 maeque
350 3278 576 3356 argumentum
600 3272 716 3357 gratiae
735 3276 815 3336 erat
859 3270 913 3334 De
935 3290 1003 3354 quo
1026 3270 1158 3334 Plinius
1176 3270 1293 3345 minor,

193 3374 345 3455 Tacitus,
359 3375 510 3459 lipsius,
527 3373 597 3453 alii,
618 3379 652 3439 et
671 3393 735 3462 nos
759 3392 823 3439 suo
845 3372 931 3437 loco.
976 3372 1148 3438 Gloriatur
1167 3370 1209 3436 de
1226 3369 1292 3435 boc

194 3495 328 3544 munera
340 3476 439 3562 potita
454 3493 511 3541 ιιι.
525 3476 580 3541 95.

278 3578 427 3646 Praemia
436 3578 579 3644 laudato
595 3577 712 3643 tribuit
725 3576 808 3642 mihi
823 3576 940 3642 Caesar
953 3582 1104 3661 uterque,

322 3679 555 3765 Natorumque
570 3677 665 3744 dedit
672 3677 753 3763 jura
766 3685 903 3763 patema
916 3679 1024 3745 trium.

195 3781 239 3850 Et
253 3798 310 3849 rx.
323 3782 378 3849 98.
533 3853 536 3858 ,
1053 3803 1055 3805 ’

280 3883 464 3971 Rumpitur
476 3883 615 3962 invidia,
629 3883 746 3949 tribuit
759 3884 852 3970 quod
868 3883 986 3950 Caesar
999 3888 1140 3967 uterque

4 4023 5 4026 π
321 3986 385 4053 Jus
399 3986 479 4051 mihi
493 3991 659 4064 natorum,
675 3986 841 4069 rumpitur
854 3986 993 4052 invidia.

4 4115 5 4118 ¹
95 4059 116 4110 ⁸
197 4088 241 4155 Et
259 4105 298 4153 ιι.
313 4088 367 4155 92.
767 4117 770 4122 ·

410 4188 576 4255 Natorum
589 4187 672 4254 mihi
681 4188 741 4274 jus
756 4187 855 4254 trium
869 4190 999 4273 roganti

410 4290 585 4358 Musarum
599 4291 746 4376 pretium
761 4290 854 4359 dedit
867 4310 1025 4368 mearum,
