3034 4900
189 311 233 380 18
469 332 702 384 restruerem
728 331 776 383 nr
799 331 1007 382 enarrans.

359 480 469 548 Totos
484 478 544 546 dat
556 478 684 545 tetricae
700 476 773 544 dies
790 476 964 558 Minerva,

362 585 455 650 Dum
468 587 601 649 centum
616 581 726 648 studet
740 582 874 649 auribus
888 581 1032 649 virorum
1127 652 1128 655 ,

361 687 454 766 Hoc,
469 685 560 772 quod
574 685 700 752 saecula
712 685 903 772 posterique
915 687 1051 771 possint

360 786 502 874 Arpinis
516 806 649 872 quoque
663 806 857 872 comparare
872 788 1007 855 chartis

363 890 466 957 Seras
480 891 584 957 tutior
597 891 665 957 ibis
680 890 725 957 ad
739 890 915 957 lucernas:

366 993 458 1061 Haec
472 994 556 1064 hora
570 1003 623 1061 est
636 1000 708 1074 tua,
722 1014 799 1061 cum
813 994 893 1062 furit
908 995 1047 1080 Lyaeus,

362 1098 448 1165 Cum
463 1106 578 1183 regnat
591 1116 680 1176 rosa,
696 1117 775 1163 cum
789 1098 925 1163 madent
938 1097 1074 1183 capilli:

363 1202 461 1268 Tunc
473 1221 529 1266 me
543 1200 597 1265 vel
610 1199 708 1284 rigidi
720 1199 833 1283 legant
845 1197 1001 1266 Catones.

193 1305 359 1372 Meritone
374 1325 464 1384 eum,
477 1306 536 1390 qui
549 1287 674 1369 hoc'de
687 1323 742 1369 me
757 1303 907 1389 scripsit,
930 1308 964 1369 et
986 1310 1064 1369 tunc
1078 1301 1193 1368 dimisi
1205 1301 1288 1369 ami-

194 1408 340 1486 cissime,
357 1411 391 1473 et
410 1426 509 1486 nunc,
531 1413 570 1472 ut
592 1405 844 1484 amicissimum,
860 1405 1052 1473 defunctum
1071 1425 1147 1472 esse
1166 1404 1292 1472 doleot

193 1508 301 1575 Dedit
315 1510 403 1574 enim
416 1509 510 1589 mihi,
525 1516 688 1593 quantum
701 1509 849 1574 maxime
863 1509 996 1593 potuit:
1019 1508 1158 1575 daturus
1170 1503 1290 1592 ampli·

192 1628 246 1688 us,
263 1611 293 1676 si
307 1612 485 1696 potuisset.
528 1609 678 1676 Tametsi
702 1610 784 1695 quid
806 1611 934 1677 homini
948 1617 1063 1697 potest
1085 1610 1157 1676 dari
1179 1609 1291 1692 majus

193 1733 296 1801 quam
308 1715 423 1798 gloria,
437 1713 524 1793 laus,
539 1719 573 1778 et
587 1711 778 1780 aeternitas?
821 1710 872 1780 At
884 1734 952 1780 non
963 1720 1058 1782 erunt
1070 1720 1290 1798 aetemaquae

192 1818 352 1904 scripsiti
397 1817 478 1884 Non
492 1823 586 1884 amnt
600 1816 762 1885 fortasse:
777 1818 836 1884 ille
846 1825 959 1885 tamen
971 1819 1116 1907 scripsit,
1129 1825 1291 1903 tauquam

193 1920 315 1987 sutura.
358 1919 460 1987 Vale.

194 2089 304 2156 AElius
319 2090 537 2175 Spartianus,
555 2091 590 2156 in
604 2091 644 2157 L.
659 2088 790 2176 Ceionii
805 2088 994 2168 Commodi,
1019 2090 1091 2156 sive
1106 2087 1190 2153 AElii
1205 2085 1291 2152 Veri
1401 2142 1404 2145 .

697 2192 791 2259 Vita.

237 2326 332 2393 ream
347 2326 462 2394 ovrerr
482 2328 586 2395 nera
608 2325 772 2394 Amorum
786 2329 822 2393 in
842 2327 934 2398 recto
957 2280 1097 2410 seraper¹
1112 2323 1292 2406 rasuras

193 2430 284 2495 idem
306 2428 496 2497 Martialem
518 2430 834 2517 Epigrammaticum
847 2429 985 2516 poetam
999 2427 1179 2514 Virgilium
1193 2445 1293 2498 suum

194 2532 337 2613 dixisse,
350 2532 461 2599 fertur.

316 2702 430 2769 AElius
446 2701 675 2787 Lampridius,
690 2704 726 2768 in
741 2700 930 2767 Alexandri
944 2690 1060 2780 Severi
1075 2698 1169 2765 Vita.

236 2836 402 2924 Leporem
427 2838 579 2922 quetidie
602 2839 732 2920 habuit,
755 2838 968 2904 venadonem
997 2837 1209 2922 frequentem,
1232 2832 1292 2898 sed

193 2960 268 3006 eam
282 2961 360 3007 cum
375 2942 494 3007 amicis
508 2940 690 3022 dividebat,
710 2948 744 3008 et
757 2943 811 3008 his
825 2943 974 3007 maxime
988 2958 1075 3026 quos
1090 2939 1219 3007 sciebat
1232 2955 1293 3021 per
1341 2960 1343 2963 ’

193 3060 230 3107 se
243 3043 455 3110 nonhabere.
501 3045 577 3111 Neo
592 3045 751 3111 divitibus
776 3046 958 3129 quicquam
980 3043 1097 3109 talium
1119 3057 1293 3105 munerum

191 3144 297 3224 misit,
320 3146 382 3212 sed
397 3148 507 3213 abhis
531 3167 666 3233 semper
679 3149 822 3232 accepit.
866 3146 910 3212 Et
938 3144 1030 3231 quod
1058 3143 1115 3208 ille
1142 3140 1293 3224 leporem

193 3247 343 3330 quotidie
357 3249 505 3330 haberet,
515 3249 617 3335 jocus
631 3247 793 3315 Poeticus
803 3248 947 3327 emersit,
957 3246 1087 3312 idcirco
1099 3240 1294 3330 quodmulti

193 3354 322 3436 septem
335 3350 455 3417 diebus
469 3352 628 3437 pulchros
642 3371 716 3416 esse
732 3351 849 3417 dicum
863 3369 923 3416 eos
937 3350 995 3435 qui
1014 3349 1163 3433 leporem
1178 3363 1303 3411 come·

194 3449 315 3532 derint,
329 3459 368 3520 ut
382 3453 553 3521 Martialis
575 3453 659 3521 Coei
675 3453 890 3540 Epigramma
904 3451 1081 3535 significat,
1105 3447 1198 3535 quod
1211 3465 1292 3513 con·

162 3547 242 3619 'tra
262 3556 429 3639 quandam
453 3556 601 3626 Gelliam
632 3559 766 3644 scripsit
788 3555 998 3643 hujusmodi:
1025 3554 1116 3639 [Lib.
1132 3569 1165 3615 v·
1193 3549 1291 3634 Epig-

276 3758 362 3826 Cum
377 3763 523 3848 leporem
538 3765 653 3843 mittis,
666 3783 797 3848 semper
810 3761 890 3826 mihi
907 3759 1019 3827 Gellia
1032 3757 1184 3835 mandas,

323 3864 458 3949 Septem
472 3868 637 3935 formosus
653 3867 770 3934 Marce
785 3864 905 3930 diebus
920 3864 999 3928 eris.
1018 3921 1020 3931 t

206 3963 209 3970 ⁴
278 3966 317 4032 Si
332 3986 446 4033 verum
461 3968 559 4051 dieis,
572 3972 602 4035 si
615 3990 730 4035 rerum
745 3967 857 4033 Gellia
870 3965 1025 4044 mandas,

293 4107 300 4121 ·
321 4070 433 4137 Edisti
447 4093 615 4157 nunquam
630 4072 744 4138 Gellia
758 4078 795 4137 tu
809 4070 966 4156 leporem.
1065 4131 1067 4138 Α

194 4172 263 4239 Sed
276 4172 341 4241 hos
357 4193 474 4241 versus
489 4172 652 4241 Martialis
668 4175 703 4240 in
717 4192 804 4256 earn,
814 4193 889 4258 quae
907 4169 1066 4239 deformis
1082 4174 1186 4247 esset,
1199 4183 1290 4233 com·
