3034 4900
493 338 805 388 urroaauuuruu
832 337 905 386 urn.
929 337 978 385 vr.
1140 411 1145 421 l
1222 319 1288 387 485

148 532 151 537 -
186 485 368 552 Possideat
383 485 531 571 Libycas
545 503 684 564 messes,
700 482 945 567 Hermumque,
959 482 1165 567 Tagumque,
1266 480 1290 549 5

229 589 273 655 Ει
284 596 383 675 potet
397 589 554 670 calidam,
570 590 627 674 qni
642 587 723 653 mihi
737 589 829 667 livet,
842 605 974 671 aquam.

181 740 426 802 dignuetmtodoao.
461 743 510 799 Qut
526 739 585 791 mibi
603 742 748 791 emmanue
768 750 855 806 mem
865 738 975 803 solidant,
992 734 1289 802 &willemannum

182 804 296 855 menibus
303 805 665 871 Asam‚eeflerno,etraga

645 914 828 936 mm

181 982 293 1045 aelidem,
303 983 345 1047 qui
353 983 414 1033 mili
424 984 492 1044 boet,
502 998 595 1049 uquam
627 981 704 1036 Quod
716 989 745 1035 et
757 982 877 1034 tentabat
892 982 1036 1045 Turnebus,
1053 981 1170 1045 agnoscit
1186 980 1288 1032 Grono-

183 1047 256 1107 viue;
278 1056 306 1098 et
318 1047 422 1099 taudem
435 1057 547 1099 testetur
558 1048 642 1099 codex
653 1047 803 1099 Tbuaueus.
835 1048 951 1098 Verbum
969 1047 1085 1098 ‘livere'
1102 1057 1287 1110 nonnunquam

180 1112 361 1176 aoeipieudum
373 1129 420 1178 pro
430 1114 438 1142 ⁴
447 1113 584 1164 invidere!
608 1112 696 1163 Tacit.
708 1110 778 1164 Anu.
788 1126 852 1164 ιιιι.
863 1127 922 1176 cap.
931 1116 973 1164 ιι.
985 1112 1029 1163 ubi
1041 1111 1101 1162 vide
1112 1111 1285 1162 collimant.

182 1177 273 1228 Noatr.
282 1177 352 1228 iufra
361 1179 408 1229 lib.
419 1191 448 1231 x.
460 1180 537 1244 Epig.
548 1183 591 1229 ιι.
609 1185 636 1228 et
647 1178 759 1229 Gerart.
778 1179 854 1229 Leet.
870 1177 966 1240 Papio.
985 1192 1043 1242 cap.
1057 1181 1097 1227 18.
1130 1175 1219 1226 Editio
1231 1174 1287 1237 ille,

181 1257 241 1308 quae
249 1240 437 1294 Amatelodami
446 1259 479 1294 ex
488 1242 710 1294 MuseoSoriterii
719 1241 818 1306 prodiit
826 1257 868 1293 an.
879 1247 952 1293 165⁰.
962 1243 1040 1305 paulo
1049 1243 1124 1292 aliter
1133 1240 1271 1305 distinguit
1280 1255 1288 1300 ς

180 1321 275 1369 nempe
287 1309 335 1358 lroe
347 1308 439 1359 modo:
458 1311 493 1359 Et
503 1314 568 1372 potet
578 1309 690 1371 culidem,
704 1309 746 1373 qui
756 1308 816 1357 mibi
827 1309 885 1357 lieet
895 1322 988 1372 uquam.
1007 1306 1085 1359 Quod
1096 1306 1117 1356 ai
1128 1320 1179 1357 uon
1196 1318 1287 1355 errore

181 1386 327 1437 operarum,
336 1372 382 1423 sed
390 1389 423 1424 ex
434 1380 521 1424 mente
527 1373 651 1424 Seriverii
659 1371 757 1423 factum
767 1388 775 1433 3
787 1387 841 1423 ano
861 1388 894 1422 ua
903 1374 991 1423 nirata
1002 1373 1081 1434 magis
1090 1386 1157 1437 aqua
1165 1369 1285 1432 dicenda,

181 1451 260 1502 quarn
276 1439 379 1488 aalide?
396 1440 446 1503 rel,
466 1454 499 1489 nn
516 1453 583 1504 aqua
598 1438 694 1501 aalide,
714 1439 775 1504 qnia
796 1389 882 1488 aalide
901 1445 969 1500 eret,
986 1451 1123 1502 aquaeue
1134 1434 1288 1485 desinebat?

180 1502 238 1567 quie
250 1502 422 1554 booetetuat?
440 1505 475 1554 Ει
491 1509 558 1568 potet
573 1504 683 1565 aolidem,
701 1504 742 1568 qai
759 1502 819 1553 mibi
838 1504 919 1554 naen
934 1517 1020 1567 meum
1036 1504 1062 1552 in
1080 1500 1140 1552 edd.
1151 1508 1217 1551 vett.
1252 1500 1289 1548 Ει

178 1572 244 1630 potet
255 1569 347 1618 eoldum
357 1568 416 1618 cod.
427 1569 525 1619 Thoan.
541 1575 569 1619 et
579 1568 740 1619 Beverluudi
750 1569 804 1618 Me.
821 1568 861 1632 qui
879 1567 938 1618 mibi
955 1568 1013 1617 liber
1028 1581 1112 1630 uquam
1129 1564 1213 1615 codex
1224 1564 1288 1615 Pul·

180 1634 284 1682 manui:
297 1633 407 1696 quintili
417 1633 473 1683 libet
483 1646 568 1699 uquam
579 1633 694 1683 Floreat.
715 1631 930 1698 ‘nominamur
937 1639 978 1682 eet
989 1631 1054 1683 illud
1064 1632 1131 1699 lieet,
1142 1630 1185 1681 eui
1196 1626 1290 1679 suffra·

180 1703 276 1758 gantur
286 1699 366 1748 etiam
374 1698 433 1749 eod.
444 1699 541 1750 Tbnau.
550 1698 577 1748 in
588 1713 640 1763 quo
650 1699 743 1749 eoldum
752 1699 856 1762 melius,
867 1713 914 1762 pro
924 1698 1036 1768 onlidpm.
1057 1696 1136 1761 Pejor
1146 1701 1197 1758 eat,
1208 1694 1287 1744 immo

181 1762 276 1813 nullius
287 1763 388 1815 numeri
398 1764 507 1814 eliorum
515 1764 605 1824 lectio,
613 1765 706 1826 laudm,
715 1778 792 1831 quam
804 1763 874 1829 apud
883 1764 918 1815 G.
930 1763 992 1813 Chr.
1004 1761 1171 1813 Gebaueruur
1182 1772 1287 1826 quoque

179 1828 266 1890 reperi
278 1828 345 1877 libro
362 1828 423 1878 ‘De
434 1829 518 1879 ealdre
530 1835 558 1878 et
569 1828 638 1879 oaldi
648 1828 717 1892 apud
730 1829 842 1879 Veteres
856 1827 935 1893 potu,’
946 1829 1040 1892 Lipsiae
1052 1831 1125 1877 1⁷21.
1137 1830 1195 1876 svo.
1208 1825 1238 1876 C.
1251 1836 1287 1876 ιι.

200 1927 207 1943 .
218 1895 259 1942 2⁰.
269 1893 409 1944 carbonem
420 1908 467 1959 pro
477 1894 599 1944 thesauro
609 1909 617 1953 3
629 1908 749 1956 ramnum
756 1894 825 1944 euim
834 1893 966 1959 quidpiam
977 1892 1010 1943 eb
1021 1907 1053 1942 eo
1064 1888 1287 1956 expectaueram?

178 1905 222 2005 gio
232 1957 324 2007 scribit
333 1956 419 2008 Auon.
430 1958 458 2008 iu
468 1958 553 2023 Epist.
566 1957 633 2007 Crit.
647 1957 681 2006 ad
696 1956 762 2009 Ant.
778 1958 811 2008 de
822 1959 906 2023 Rooy.
932 1959 940 1987 ‘
950 1958 1060 2022 conjeci
1081 1971 1142 2006 num
1153 1954 1224 2005 forte
1236 1954 1287 2004 leri

178 2022 323 2072 mutatione
339 2021 478 2086 legendum
496 2022 550 2073 eit:
570 2023 692 2071 Possident
709 2023 813 2088 Quae
830 2037 923 2085 mearet,
940 2023 1113 2086 Hermumque,
1134 2021 1285 2085 regumque.-

179 2085 233 2136 Nee
240 2093 318 2150 polet,
326 2088 428 2138 calidam
438 2089 480 2153 qui
489 2088 550 2137 milti
561 2088 642 2137 undu
651 2101 743 2151 uquam
777 2087 867 2149 Vides,
879 2089 901 2137 ai
911 2088 960 2137 hoo
971 2087 1046 2137 modo
1064 2088 1144 2148 legas,
1160 2086 1286 2150 impreca-

178 2150 275 2201 tionem
287 2154 439 2217 esee‚longe
450 2152 714 2212 vehementissimam,
729 2158 758 2203 et
794 2167 822 2202 ro
842 2153 881 2202 ine
900 2150 1111 2216 praecedentibus
1128 2149 1287 2214 responden·

179 2216 250 2266 tem?
266 2217 347 2266 Midan
359 2224 458 2268 sortem
469 2217 631 2282 imprecatur
646 2216 758 2267 ualidam
775 2168 946 2267 laniantium.
979 2217 1023 2266 Ita
1033 2231 1075 2266 aee
1085 2215 1112 2265 lu
1123 2222 1146 2263 et
1158 2214 1284 2265 transisse

179 2278 355 2339 deprehendit
371 2282 478 2334 Salmas.
491 2283 523 2332 ad
535 2282 605 2332 Flor.
617 2295 655 2332 ιι.
665 2286 690 2331 2.
700 2286 742 2331 67.
777 2284 812 2332 nt
822 2288 913 2332 eontra
924 2283 950 2332 in
963 2282 1023 2344 Nee,
1035 2288 1108 2331 recte
1124 2280 1190 2335 vidit
1202 2279 1286 2330 Serir.

177 2343 248 2396 infra
256 2346 302 2397 lib.
312 2360 340 2396 x.
352 2347 431 2412 Epig.
442 2351 466 2398 2.
500 2348 552 2397 Nee
567 2347 593 2396 lr.
606 2347 623 2397 Ι.
635 2346 816 2396 resolvendum
829 2348 856 2397 iu
868 2349 876 2376 ‘
887 2353 915 2396 et
926 2361 977 2396 nou
987 2350 1004 2407 ;’
1023 2345 1049 2395 id
1062 2344 1131 2411 quod
1144 2343 1284 2394 sententia

177 2422 362 2528 ἷιίἓιιξιιιιιιᾳιιιιὲι
369 2411 637 2542 ,Ἥιιὲιιιωίᾱὲ
631 2410 846 2541 (³3:¹50le
856 2411 904 2489 lib.
903 2424 1030 2527 'mm
1040 2414 1065 2461 7.
1068 2413 1160 2541 (22⁸1
1171 2416 1206 2525 et⁰
1210 2408 1286 2524 (iolil¹¹

215 2493 368 2528 ..ee..
444 2493 492 2529 .e
573 2512 579 2527 .
953 2492 963 2526 a
1052 2492 1067 2526 r
1145 2490 1250 2525 rnvnro

179 2539 294 2597 editione
307 2493 455 2594 penderint:
474 2543 534 2593 libat
545 2544 756 2607 iuterpretatur‘
769 2492 912 2609 propium?
1033 2512 1041 2540 ’
1145 2535 1148 2542 ’

678 2670 786 2723 NOTAE

210 2768 344 2834 nisiinter
353 2769 449 2835 meeeee]
476 2770 536 2821 Hoc
552 2768 714 2832 esemona·
753 2771 801 2821 lib.
812 2785 879 2821 xxv.
901 2785 960 2837 cap.
980 2774 1023 2821 27.
1043 2770 1169 2835 Reperio,
1189 2767 1287 2833 iuquit,
1345 2793 1348 2797 “

178 2862 227 2897 noe
246 2863 321 2913 agros
341 2846 478 2897 frumentis
497 2846 669 2909 abundantes,
685 2854 714 2896 et
753 2848 780 2899 in
798 2850 939 2912 veteribus,
949 2849 991 2914 qui
1002 2848 1060 2899 mili
1075 2847 1144 2910 libra
1160 2851 1189 2896 ut
1199 2846 1242 2910 eit,
1252 2859 1287 2895 ne

130 2985 132 2996 ,
178 2926 306 2977 Hermum
324 2926 405 2989 Asiae,
427 2933 455 2976 et
465 2926 566 2990 Tagum
578 2925 713 2991 Hispaniae
753 2926 900 2977 liberaliter
917 2924 1022 2992 quidem
1042 2924 1153 2988 prabet,
1175 2921 1221 2972 sed
1240 2920 1288 2971 mi-

178 3018 267 3055 amnea
279 3002 406 3054 auriferoe
420 3004 516 3054 babeat
526 3003 655 3067 Medicus,
672 3004 714 3053 vel
754 3004 851 3054 nistret
862 3018 940 3069 parce
956 3008 984 3052 et
1000 3001 1123 3065 maligue,
1142 3006 1172 3050 ut
1189 2999 1211 3049 ei
1221 2998 1288 3049 liba·

176 3080 374 3147 quilibetaliua‚
389 3080 451 3131 dum
459 3080 714 3146 modoaquameali·
754 3088 807 3144 ret,
827 3089 856 3131 et
880 3089 967 3130 tamen
986 3078 1087 3144 laudat,
1113 3091 1159 3129 noe
1183 3089 1288 3143 quoque

177 3155 238 3206 dam
248 3163 338 3221 potet;
354 3157 415 3207 mibi
425 3172 489 3208 vero
500 3158 611 3223 pauperi
625 3158 713 3208 vinum
754 3158 899 3208 laudamus.
921 3156 974 3208 Alii
997 3158 1064 3219 lieet,
1081 3156 1132 3216 boe
1152 3161 1203 3219 ert,
1224 3154 1288 3205 inri-

176 3232 319 3285 bibeudnm
331 3233 469 3299 relinquat.
754 3235 821 3285 det:
846 3234 881 3286 Et
889 3238 956 3300 potet
970 3234 1081 3301 calidum,
1094 3233 1137 3299 qai
1150 3232 1210 3283 mibi
1219 3233 1287 3297 lieet,

209 3312 551 3379 nonamdecimam]
577 3314 714 3365 Turnebus
753 3326 848 3376 murm.

611 3510 854 3577 LXXXVII.

560 3646 621 3694 un
653 3645 906 3695 ansanum.

176 3747 226 3812 Dr
242 3748 305 3814 tibi
319 3748 409 3827 deut,
425 3754 462 3813 et
475 3753 523 3827 tu,
538 3748 666 3827 Caesar,
682 3766 910 3835 quaecumque
923 3746 1079 3815 mereris:

220 3849 268 3915 Di
282 3851 364 3915 mihi
379 3850 469 3931 deul,
484 3858 518 3918 et
535 3858 585 3931 tu,
601 3871 678 3935 queo
692 3852 786 3930 volo,
799 3852 829 3915 si
842 3851 960 3918 merui.

209 4015 234 4066 0
247 4018 362 4080 Cremna
373 4020 406 4080 te,
416 4020 486 4080 atque
498 4032 513 4066 u
524 4015 584 4066 nto
593 4018 743 4082 consequentia
752 4015 1018 4083 qaoeeumqaemereria:
1028 4029 1176 4081 renupserit
1184 4020 1284 4082 ientque

175 4098 192 4132 ιι
200 4082 268 4145 Diis,
279 4097 332 4146 quur
340 4082 410 4146 cupio
419 4083 536 4145 eidignm
544 4097 605 4135 mm.

641 4164 826 4187 mm

207 4235 293 4302 liujus
303 4235 506 4301 Epigrammatis
515 4237 595 4288 lectio
606 4252 659 4290 nou
671 4237 755 4289 veriat
765 4238 794 4289 in
804 4238 877 4291 libris
888 4238 1020 4304 impressis
1031 4244 1078 4307 aut
1088 4237 1201 4311 seriptis.
