3034 4900
217 332 261 398 12
579 351 617 397 ιι.
641 349 725 398 van.
751 347 959 398 unanimis

280 492 382 560 Hanc
396 492 458 560 tibi
474 493 602 560 Fronto
616 501 724 580 pater,
740 493 882 578 genitrix
897 491 1061 560 Flaccilla
1075 494 1239 583 puellam.

215 597 393 663 Parentem
407 602 520 660 tamen
531 595 694 662 affirmant
703 596 809 679 aliqui
821 612 966 680 coquum
978 595 1106 661 dietum
1117 577 1318 679 lectumque.

216 699 367 765 Uxorem
381 698 502 763 habuit
516 697 671 797 Clodiam
688 699 888 764 Marcellam
910 718 955 764 ex
974 707 1072 785 gente
1087 699 1234 765 Claudia
1247 698 1319 840 ple·

217 803 308 881 beia,
323 801 384 866 lib.
398 815 469 865 xn.
484 800 539 867 21.

303 902 515 988 Municipem
528 903 629 990 rigidi
644 906 720 990 quis
733 911 778 986 te,
794 904 971 984 Marcella,
986 905 1131 985 Salonis,

346 1007 392 1072 Et
405 1007 550 1092 genitam
560 1009 682 1074 nostris
698 1008 776 1093 quis
790 1013 886 1093 putet
900 1026 977 1073 esse
990 1007 1099 1074 locist

218 1116 254 1176 et
267 1128 367 1175 moxi

223 1252 227 1259 ·
301 1210 353 1276 Te
369 1211 440 1276 cito
455 1208 576 1276 ridebit
590 1211 781 1296 peregrinus
796 1210 919 1278 clodia
932 1216 1063 1296 partus,

346 1312 538 1378 Romanam
549 1311 650 1378 ducat
663 1332 767 1397 quam
781 1313 889 1395 magis
903 1331 979 1377 esse
993 1331 1123 1376 nurum

217 1413 271 1480 Ita
285 1414 449 1481 distichon
470 1415 534 1480 boc
556 1415 637 1499 legit
659 1414 836 1498 Josepbus
860 1414 1011 1495 Scaliger
1036 1411 1081 1477 ad
1102 1411 1185 1477 illud
1205 1412 1320 1479 Catnl

218 1517 365 1583 lianum.

319 1618 458 1684 Dulce
472 1617 579 1686 rideat
596 1620 640 1685 ad
654 1625 790 1705 patrem.

106 1772 109 1773 ν
217 1718 274 1784 Ειι
289 1719 449 1786 Martiale
469 1727 581 1786 tamen
603 1721 720 1800 discis,
741 1712 898 1788 Clodiam
919 1720 1007 1786 banc
1031 1718 1229 1785 Marcellam
1252 1739 1322 1784 non

218 1822 423 1901 Romanam,
450 1823 509 1888 sed
538 1824 728 1908 Hispanam
752 1833 787 1890 et
814 1824 1043 1889 Bilbilitanam
1066 1823 1176 1906 patria
1197 1821 1321 1902 fuisse3

216 1929 257 1989 ut
276 1925 392 1991 merito
415 1924 568 1990 dubitare
591 1928 720 2009 possis,
746 1946 791 1991 an
806 1916 851 1993 ex
874 1932 971 2009 gente
996 1925 1141 1991 Claudia
1164 1923 1323 1989 Romana

216 2025 315 2093 fuerit
328 2027 403 2092 baec
416 2025 602 2093 Marcella:
625 2048 757 2095 versum
779 2048 855 2113 ergo
880 2026 1046 2093 Martialis
1070 2026 1195 2115 rectius
1214 2027 1322 2110 scrip·

217 2128 327 2205 serim,
342 2136 383 2193 ut
396 2136 476 2195 ante
497 2130 634 2196 habuit:
655 2191 666 2211 ‚

303 2229 381 2296 Nec
396 2233 462 2296 cito
477 2230 601 2296 ridebit
614 2231 780 2317 peregrini
794 2229 903 2314 gloria
917 2234 1045 2312 partus.

218 2329 258 2395 In
272 2333 384 2417 patria
397 2332 569 2399 laudanda
583 2339 652 2399 tarn
674 2334 817 2415 diligens
841 2338 874 2397 et
895 2330 1054 2413 frequens
1081 2336 1147 2409 est,
1171 2334 1210 2395 ut
1232 2322 1321 2397 illius

218 2433 486 2511 amantissimum
501 2435 601 2502 facile
615 2435 801 2517 intelligas:
824 2452 849 2500 1.
864 2433 920 2499 62.

303 2534 366 2614 Te,
381 2536 567 2616 Liciniano,
583 2537 781 2620 gloriabitur
793 2542 924 2611 nostra,

347 2636 424 2703 Nee
439 2657 493 2702 me
508 2639 634 2704 tacebit
654 2638 801 2706 Bilbilis.

218 2738 438 2818 librandam,
454 2760 508 2824 ep.
524 2742 579 2805 50.

347 2840 413 2907 Vir
428 2840 606 2908 Celtiberis
614 2861 686 2908 'non
701 2844 843 2910 tacende
857 2847 1021 2927 gentibue,

392 2942 595 3027 Nostraeque
609 2944 683 3009 laus
698 2945 890 3029 Hispaniae,

347 3043 494 3110 Videbis
509 3046 624 3125 altam,
640 3047 828 3127 Liciniana,
844 3051 992 3129 Bilbilin,

391 3147 498 3231 Equis
512 3155 547 3214 et
562 3148 662 3215 annis
677 3150 837 3215 nobilem.

220 3250 294 3315 Lib.
310 3249 438 3315 x.103.

306 3341 510 3435 Municipes,
524 3352 677 3436 Augusta
690 3355 771 3420 mihi
786 3374 872 3439 ques
887 3353 1022 3418 Bilbilis
1036 3355 1104 3417 aeri

349 3452 448 3518 Mont
434 3460 468 3518 te
483 3460 586 3534 creat,
601 3450 728 3546 rapidis
743 3478 828 3542 quos
843 3457 926 3522 Salo
939 3457 1043 3538 cingit
1052 3455 1168 3538 aquis3
1217 3496 1219 3498 >

304 3555 436 3640 Ecquid
450 3558 554 3622 laeta
538 3566 637 3643 Juvat
651 3561 751 3625 vestri
766 3579 827 3625 ves
841 3560 944 3641 gioria
957 3556 1068 3623 vatisi

348 3657 441 3724 Nam
453 3659 562 3725 decus
576 3667 611 3725 et
624 3680 754 3739 nomen,
771 3660 929 3743 famaque
942 3666 1057 3726 vestra
1071 3675 1203 3761 sumus.
1316 3683 1322 3700 ·

152 3801 155 3810 2
220 3760 266 3825 nt
279 3780 360 3826 mox
372 3781 407 3823 ιιι
422 3760 586 3844 sequenti:

211 3935 214 3942 r
349 3861 449 3927 Illinc
465 3869 496 3928 te
512 3869 584 3928 rota
598 3863 753 3942 folletot
768 3863 893 3928 citatus

348 3960 463 4027 Altam
477 3947 628 4041 Bilbilin,
642 3969 677 4029 et
689 3970 785 4029 tuum
799 3965 958 4032 Salonem

349 4061 478 4148 Quinto
493 4064 633 4133 forsitan
647 4066 766 4136 essem
780 4066 923 4136 videbis.
