3034 4900
486 363 793 414 uercnauuauuu
822 365 892 413 utu.
907 365 973 413 ru.
1219 343 1284 411 537

679 609 782 674 LXI.

451 746 503 794 an
526 744 711 794 custnani
728 743 1006 805 aanntaurcuu.

179 843 436 913 Ausrunuanr
452 855 558 914 totam
572 850 770 914 temerarius
790 848 924 913 institor
937 847 1065 924 urbem,

222 947 331 1035 Inque
347 971 410 1016 suo
423 951 549 1016 nullum
564 951 679 1015 limine
694 952 798 1016 limen
807 957 891 1017 crat.

177 1050 320 1119 Iussisti
333 1059 458 1133 tenues,
474 1052 686 1131 Germanice,
702 1072 852 1118 crescere
864 1051 979 1131 vicos;

221 1155 265 1221 Et
278 1156 379 1223 medo
392 1179 467 1242 quae
482 1157 592 1223 fuerat
606 1156 846 1234 semiieiunia
859 1156 916 1220 via
931 1159 994 1219 est.

178 1257 289 1324 Nulla
302 1262 468 1326 catenatis
482 1261 553 1346 pila
567 1267 619 1325 est
631 1260 816 1343 praecincta
830 1256 978 1342 lagenis:

220 1359 298 1426 Nec
311 1371 435 1447 praetur
448 1362 561 1427 medio
573 1363 702 1445 cogitur
718 1363 766 1426 ire
779 1362 866 1428 luto.

177 1460 355 1546 Stringitur
368 1466 404 1530 iu
415 1465 523 1531 densa
538 1486 600 1530 nec
615 1486 709 1531 caeca
722 1466 888 1529 novacula
903 1464 1019 1529 turba:

219 1562 375 1650 Occupat
389 1574 446 1634 ant
459 1576 553 1634 totas
568 1569 661 1651 nigra
678 1568 807 1652 popina
823 1568 905 1632 vias.

177 1665 321 1748 Tonsor,
336 1689 457 1755 caupo,
472 1689 616 1755 coquuS,
632 1669 745 1735 lanius
760 1690 820 1735 sua
834 1669 949 1734 limina
964 1671 1109 1733 servant.

222 1754 322 1836 Nunc'
337 1771 446 1838 Rama
460 1780 526 1853 est,
540 1792 645 1858 nuper
658 1793 777 1858 magna
791 1774 930 1838 taberna
942 1770 1017 1838 suit.
1238 1765 1284 1830 lu
1348 1828 1350 1835 .

209 1929 399 1982 lamasidmtae
413 1936 529 1982 meatur
545 1936 697 1994 occupauerat
715 1936 791 1980 talam
808 1931 898 1988 urbem,
917 1937 941 1981 el
952 1930 1122 1983 adamum
1139 1932 1192 1979 erae
1203 1927 1229 1977 in
1239 1941 1282 1976 sua

176 1994 267 2045 limine.
300 1995 324 2046 0
340 1997 490 2061 Genauam,
507 1995 630 2060 imperasti
640 1997 719 2045 laxari
729 1998 931 2058 clamangiam.-
947 2002 970 2045 et
982 1997 1024 2073 qui
1039 1997 1109 2058 paen
1125 1998 1181 2044 arete
1191 1997 1282 2042 tauram

170 2058 264 2123 fumat,
272 2059 355 2122 fartus
365 2067 400 2112 est
410 2062 459 2113 uid.
492 2062 566 2111 Nulla
577 2061 626 2124 pila
639 2066 674 2109 est
691 2061 781 2121 referta
790 2063 906 2111 catenatis
913 2063 1021 2122 lagenis:
1037 2076 1080 2111 uec
1085 2065 1176 2123 prator
1186 2059 1282 2119 cagilur

176 2123 295 2174 ambulare
304 2126 380 2176 medic
389 2142 461 2177 crena.
493 2127 545 2176 Nec
555 2141 616 2175 cruca
629 2128 741 2175 nouacula
758 2127 862 2174 nudatur
873 2127 899 2173 iu
909 2124 1032 2191 frequenti
1047 2125 1128 2187 turba,
1137 2122 1282 2182 autfumosa

171 2189 261 2252 poptaa
271 2194 334 2238 terret
342 2195 404 2240 tatas
413 2191 474 2240 uias.
509 2190 606 2248 Tonsor,
617 2205 700 2255 raum,
709 2204 805 2253 coquas,
815 2191 892 2240 lanius
899 2194 994 2240 manent
1003 2190 1067 2239 denti
1077 2202 1143 2239 sua:
1157 2202 1219 2237 nanc
1231 2186 1280 2235 Ra·

174 2267 213 2302 nte
224 2259 271 2317 est,
280 2254 412 2319 superfuit
422 2270 511 2318 magna
518 2256 622 2321 mfflciaa.

208 2420 225 2467 ²
241 2417 465 2483 lamentandum
484 2418 565 2470 limine
576 2407 650 2470 malit
668 2418 732 2470 Aut.
747 2418 781 2469 de
798 2421 933 2484 Banu-I
950 2415 1125 2486 Stringitur-ta
1138 2414 1223 2465 densas
1238 2425 1281 2463 ara

175 2497 237 2533 cem
246 2486 358 2535 mata
367 2486 449 2535 terim
457 2485 653 2558 exbibetcudeu
662 2484 808 2535 Pulmanui.

673 2597 781 2651 NOTAE

209 2700 222 2743 1
240 2693 378 2746 Abstulerat
389 2694 475 2759 totuin]
500 2693 601 2745 Passim
611 2708 708 2745 merca·
729 2733 732 2736 .
749 2694 807 2759 quit
817 2693 959 2760 Domitius,
970 2690 1097 2742 novacula
1107 2702 1159 2739 unu
1168 2686 1282 2738 nudetur

175 2776 247 2820 teres
255 2778 330 2821 eraut
338 2772 425 2822 media
435 2772 488 2833 via,
496 2778 526 2822 ut
534 2771 577 2820 rix
589 2773 660 2821 locus
670 2785 707 2820 es·
747 2772 857 2835 amplim
869 2769 955 2819 media
974 2769 1036 2828 t·ia;
1059 2767 1133 2816 cellae
1144 2765 1212 2814 enirn
1225 2771 1281 2815 tcu-

176 2854 217 2898 eet
229 2847 420 2898 ambulantibus
429 2862 478 2912 per
489 2847 594 2908 urbem
617 2847 707 2897 Dami-
747 2846 824 2896 sarim
835 2845 921 2897 media
929 2846 971 2895 via
982 2845 1127 2905 collocate,
1135 2841 1175 2892 uti
1184 2848 1212 2890 et
1220 2855 1282 2891 cau·

175 2925 260 2974 tiauua
280 2938 352 2987 vero,
371 2938 448 2988 quem
470 2923 655 2974 Germanicum
672 2923 707 2972 ub
747 2939 844 2989 panum
854 2923 971 2973 taberna
980 2921 1091 2986 dejecta
1106 2925 1176 2980 silut,
1185 2924 1213 2968 et
1225 2918 1281 2981 jam

175 3000 291 3050 devictos
302 2999 446 3051 Germanos
456 3004 544 3062 vocat,
553 2998 624 3047 vicus
636 2998 707 3048 laxa·
748 3010 865 3051 tonsores
876 3000 945 3050 domi
956 2999 1065 3050 tondere
1077 3004 1215 3062 coguntur.
1232 2995 1282 3044 Ra·
1294 3045 1297 3050 ,

174 3077 196 3126 ri
202 3077 290 3142 jussit.
322 3076 433 3127 Institor
443 3075 464 3124 is
477 3081 517 3125 est
530 3075 573 3141 qni
585 3074 611 3123 in
621 3074 706 3124 taber·
747 3079 825 3128 derue
846 3077 953 3141 conjicit
968 3077 1018 3126 boc
1038 3073 1131 3124 referri
1153 3086 1230 3138 posse
1247 3070 1282 3121 ad

175 3167 210 3203 uu
232 3153 361 3203 mercibus
380 3150 523 3201 vendendis
548 3152 705 3216 praepositus
747 3156 914 3217 saccularius,
925 3153 969 3219 qui
981 3153 1066 3203 media
1084 3154 1111 3202 in
1128 3151 1282 3201 turbamur·

175 3235 222 3279 est.
542 3291 545 3304 y
745 3233 821 3297 sapia
840 3237 1007 3281 exsecutam.
1042 3229 1111 3279 Coeca
1120 3230 1234 3279 meacula
1244 3227 1282 3277 di-

207 3304 378 3370 aliquem]
401 3306 522 3369 Hacest,
535 3307 632 3356 nullum
644 3311 706 3357 aute
746 3310 825 3372 citur,
844 3310 886 3359 rel
904 3308 973 3373 quod
993 3307 1028 3357 sit
1048 3306 1184 3357 recondita
1204 3306 1281 3355 theca

174 3380 245 3431 edes
261 3395 320 3430 suaa
336 3380 445 3431 liberum
468 3381 589 3432 euntibus
606 3397 654 3446 per
666 3397 706 3432 ur·
747 3402 803 3448 sua,
817 3387 858 3436 vel
872 3385 941 3450 qnod
958 3399 1008 3434 unu
1021 3383 1141 3433 videatur
1156 3383 1182 3433 iu
1195 3381 1282 3444 turbu,

173 3459 234 3508 bem
245 3458 384 3508 transitum
403 3458 589 3523 relinquebant
608 3474 707 3509 merca·
747 3478 808 3513 cnm
829 3476 869 3511 ree
888 3461 972 3509 brevis
987 3461 1023 3509 sit
1044 3467 1073 3508 et
1090 3460 1195 3522 exigna.
1227 3457 1281 3507 Hic

173 3539 255 3585 tores.
747 3540 819 3589 locus
829 3538 952 3588 obscurus
960 3535 1022 3585 mihi
1032 3535 1145 3585 ridetur.
1171 3534 1281 3586 JudIcet

207 3611 318 3662 bNulla
332 3608 460 3672 mitratis]
488 3610 555 3661 Pila
577 3619 707 3663 erautcn·
747 3618 840 3666 lector.

173 3690 269 3739 lumnae
292 3688 325 3738 ad
350 3703 415 3753 quas
441 3687 501 3738 libri
522 3688 708 3740 vendebantur.
781 3689 1025 3754 tlLimiuareruant]
1051 3690 1112 3743 Hoc
1129 3688 1287 3752 est‚biom·.

174 3764 302 3825 Horatius
313 3778 334 3814 1.
353 3765 407 3814 Sat.
419 3769 446 3814 i.
476 3763 577 3814 ‘Nulla
600 3766 709 3817 taberna
747 3783 793 3819 nes
810 3784 860 3820 nau
875 3776 1015 3819 exstruunt
1035 3766 1145 3830 amplius
1157 3767 1279 3816 tabernas

174 3857 246 3894 meas
268 3842 373 3903 babeat,
395 3855 478 3906 neque
509 3842 564 3904 pila
589 3842 709 3894 lihellur.’
747 3845 835 3896 media
852 3847 906 3910 via,
927 3845 974 3895 sed
995 3843 1065 3896 domi
1081 3859 1135 3894 sum
1154 3852 1281 3895 exercent

170 3920 275 3973 Quibus
284 3918 364 3969 etiam
384 3917 468 3968 affixe
485 3926 560 3968 erant
581 3933 709 3970 connexae
748 3936 807 3971 suas
818 3930 895 3973 artes.

174 4000 282 4051 iuterse
294 3999 404 4063 lagena,
422 3998 523 4063 siguum
540 4012 634 4063 nempe
655 3998 708 4049 viui
782 4002 814 4048 lit
830 3998 908 4048 Rama
918 3994 965 4059 ert]
989 3995 1064 4048 Idern
1074 3993 1131 4046 sere
1147 3994 1212 4045 dixit
1230 3995 1279 4048 lib.

118 4109 142 4124 -.
174 4075 298 4128 venalitii.
747 4075 837 4139 Spect.
854 4075 970 4139 Enim.
986 4071 1108 4122 ‘reddita
1131 4072 1210 4122 Rama
1228 4072 1280 4122 sibi

206 4152 293 4203 thec
307 4150 409 4216 metor]
435 4151 507 4203 Vicit
526 4152 594 4202 enlm
614 4152 707 4203 laxatis
747 4151 961 4217 est,'qureantea
971 4145 1277 4214 magnauidebaturcffi·

171 4228 564 4295 jamtransitusliberestjnxta
572 4229 704 4282 tabernas.
745 4228 813 4280 cias.

156 4350 159 4356 .
206 4304 504 4371 tuamensem]
531 4306 591 4359 lice
609 4306 703 4373 est,iu·
