3034 4900
231 387 254 453 4
470 374 472 377 ’
638 403 690 454 nn
713 402 913 453 necrouus.

233 545 372 614 aliorum
387 542 597 632 praejudicio,
627 565 688 615 seu
712 547 838 615 fiducia
861 549 914 614 sui
936 546 1079 614 audiunt
1103 549 1213 614 solum
1235 548 1329 634 quod

233 655 384 733 carpant,
398 668 508 733 neque
521 654 590 714 tam
603 654 738 740 utuntur
750 651 857 716 literis
873 670 975 735 quam
989 652 1175 729 abutuntur,
1187 650 1222 714 in
1236 652 1329 716 verbi
1410 647 1415 657 '

182 835 185 844 Ι
233 751 333 816 unius
359 757 417 817 aut
438 752 575 817 alterius
598 753 775 817 odumniae
801 773 917 819 ausam
944 757 1086 831 struunt,
1110 772 1186 837 quo¹
1200 751 1329 817 Poetas

231 854 266 918 in
288 852 450 920 invidiam
475 860 614 920 vocent:
636 860 706 921 tum
720 856 866 940 denique
883 876 921 922 se
944 855 1106 921 Platonas
1131 861 1166 919 et
1182 852 1330 920 Aristar·

233 955 315 1021 chos
337 957 411 1043 rati,
436 955 466 1021 si
489 956 610 1023 alienae
631 957 790 1022 insultent
811 957 915 1035 laudi,
941 961 1043 1041 utque
1067 955 1165 1030 ἄποὸες
1184 957 1328 1022 aviculae
1394 982 1396 985 ·

231 1076 343 1122 ramos
364 1059 545 1137 arborum,4
569 1059 621 1124 sic
644 1058 698 1123 illi
719 1058 874 1124 humeros
889 1056 1226 1152 bonorumlaffecteut
1239 1057 1328 1123 unde

232 1159 407 1225 emineant.
450 1157 534 1239 Alii,
548 1159 700 1226 homines
719 1160 844 1242 ignava
865 1179 967 1244 opera
985 1166 1088 1243 atque
1111 1159 1227 1224 servili
1253 1178 1329 1224 sen·

232 1250 345 1340 tentia,
361 1259 512 1345 δοέὅσοφω,
525 1261 656 1347 pedarii
665 1261 798 1346 judices
822 1269 856 1327 et
878 1281 924 1326 ex
944 1261 1088 1326 aliorum
1102 1256 1160 1326 ore
1175 1261 1327 1345 penduli,

229 1365 364 1430 illorum
378 1365 538 1430 velificati
553 1365 757 1442 auctoritati,
773 1363 986 1447 subjudicaut
1000 1363 1116 1446 potius
1131 1382 1231 1447 quam
1244 1383 1330 1446 prae·

226 1467 389 1552 judicant.
432 1465 504 1532 Alii
525 1467 632 1531 barba
651 1472 748 1530 tenus
772 1464 873 1545 docti,
888 1466 987 1550 piceo
1002 1484 1123 1548 graves
1137 1465 1252 1549 pallio,
1267 1464 1329 1529 ubi

232 1589 253 1634 a
267 1569 385 1634 rastris
399 1567 443 1633 ad
457 1573 572 1633 rostra·
582 1566 855 1646 transcenderint,
867 1568 1006 1652 jamque
1019 1574 1147 1632 ostrum
1161 1567 1328 1632 somniare

231 1673 317 1750 ausi,
335 1691 477 1737 vacuum
491 1671 571 1755 plus
585 1659 689 1734 nim'io
712 1670 871 1736 verticem
889 1672 971 1737 iuter
994 1676 1089 1736 astra
1111 1669 1328 1750 condiderint,

232 1774 401 1840 Mercurio
424 1793 500 1839 curn
526 1772 717 1854 Philologia
740 1790 815 1849 sua,
832 1791 934 1855 quam
956 1772 1036 1857 quia
1059 1791 1102 1836 ne
1120 1770 1328 1855 ,primoribus

231 1876 366 1960 quidem
376 1875 478 1941 labiis
492 1874 687 1958 praelibasse
699 1873 742 1938 iis
752 1873 902 1957 contigit,
911 1875 1001 1939 bona
1011 1892 1077 1938 non
1091 1870 1207 1938 dicunt
1216 1873 1328 1951 verba,

230 1980 332 2043 immo
346 1977 494 2042 nuntium
507 1975 696 2055 remittunt;
719 1971 909 2058 Apollinem
929 1978 962 2039 et
986 1972 1120 2052 Musas,
1140 1992 1226 2056 quas
1248 1974 1328 2058 quia

229 2080 299 2145 illis
313 2100 355 2145 ne
370 2099 392 2145 a
405 2079 519 2144 limine
536 2076 670 2162 quidem
695 2077 862 2142 salutasse
886 2076 1001 2141 datum
1023 2081 1084 2154 est,
1109 2076 1328 2141 eliminandos

229 2181 412 2259 clamitant,
427 2188 462 2246 et
475 2179 620 2245 inscitiae
636 2196 708 2243 suae
725 2184 949 2262 praetexentes
972 2177 1234 2256 sanctimoniam,
1249 2196 1327 2242 cum

230 2288 319 2348 artes
348 2301 464 2347 omnes
493 2280 713 2360 humaniores,
741 2284 813 2344 tum
841 2278 1015 2344 Poeticam
1041 2278 1264 2343 damnandam
1292 2280 1327 2343 in

209 2373 347 2464 totum,
363 2390 407 2466 et,
422 2391 462 2451 nt
483 2405 557 2451 cum
574 2383 713 2449 Sidonio
727 2382 870 2466 loquar,⁵
892 2385 960 2446 ‘ex
981 2379 1075 2446 asse’
1100 2381 1328 2467 pronuntiant.

229 2484 302 2552 Alii
316 2488 468 2573 denique,
489 2492 527 2552 ut
548 2488 584 2551 iu
608 2504 745 2550 arenam
769 2499 878 2548 meam
903 2482 1114 2562 descendam,
1136 2493 1171 2548 et
1196 2483 1239 2548 ad
1261 2483 1327 2548 mei

229 2589 359 2655 ordinis
366 2591 533 2667 homulos,
548 2588 648 2654 salva
668 2606 798 2670 semper
818 2586 928 2651 doctis
946 2591 981 2651 et
999 2586 1219 2660 benemeritis
1233 2605 1327 2651 reve·

228 2692 347 2770 tentia,
363 2710 450 2774 quos
463 2710 559 2762 nemo
574 2690 761 2755 mortalium
780 2690 887 2771 magis
911 2689 992 2755 colit
1006 2710 1107 2774 quam
1129 2708 1202 2771 ego,
1217 2689 1326 2772 magis

228 2799 415 2873 veneratur,
430 2813 500 2858 non
514 2794 711 2859 submittunt
726 2811 764 2857 se
784 2793 934 2858 Petronii
952 2792 1101 2870 arbitu'o,
1117 2791 1176 2875 qui
1189 2811 1328 2875 genero·

230 2893 329 2959 sioris
343 2894 463 2962 Poetae
478 2896 640 2981 spiritum,
654 2895 831 2960 sanitatem
854 2914 963 2959 amare
985 2898 1096 2977 negat,
1109 2913 1215 2977 neque
1238 2894 1327 2958 enirn

229 2996 407 3083 concipere
432 3004 492 3063 aut
512 2997 609 3063 cdere
633 3005 769 3082 partum
797 3003 940 3062 mentem
973 3015 1089 3081 posse,
1112 2997 1178 3060 nisi
1199 2994 1328 3077 ingenti

227 3098 365 3165 flumine
377 3102 547 3166 literarum
560 3101 760 3167 inundanter
775 3121 879 3185 neque
894 3096 1060 3176 Seneoae,⁶
1070 3097 1327 3181 pronuntiantis,

228 3220 293 3266 non
306 3221 410 3284 posse
426 3223 504 3268 eum
520 3202 648 3287 aliquid
662 3204 821 3287 grandius
832 3222 887 3268 ore
900 3201 1034 3266 mortali
1048 3219 1181 3278 canere,
1193 3199 1257 3263 nisi
1267 3198 1326 3284 qui

228 3301 365 3384 vulgata
392 3310 427 3370 et
455 3305 558 3370 solita
584 3307 774 3386 contemsit,
804 3306 1029 3387 instinctuque
1057 3321 1156 3368 sacro
1182 3302 1328 3367 surrexit

229 3404 339 3483 altior,
368 3409 566 3475 auctoritate
594 3409 716 3475 adduci
741 3401 908 3494 possunt,
921 3414 961 3472 ut
988 3406 1153 3491 majorum
1182 3393 1328 3487 gentium

228 3514 360 3573 versent
373 3509 518 3594 Po'etas3
539 3512 600 3578 sed
620 3532 711 3591 suos,
726 3519 765 3576 ut
787 3510 941 3596 ejusdem
963 3506 1091 3573 Arbitri
1107 3506 1217 3572 verbis
1239 3512 1326 3584 utar,

227 3611 425 3696 utquisque
440 3633 571 3679 versum
587 3614 735 3698 pedibus
757 3612 927 3690 instruxit,
943 3628 1143 3692 sensumque
1167 3610 1326 3672 teneriore

228 3711 406 3778 verborum
428 3717 555 3782 ambitu
576 3716 733 3793 intexuit,
747 3719 869 3799 putant
883 3714 1043 3779 contiuuo
1065 3713 1101 3777 in
1117 3709 1327 3793 ,Heliconem

228 3813 380 3881 venisse:
413 3820 446 3881 et
469 3818 586 3910 quidni
615 3818 787 3884 venerint?
818 3815 954 3902 quando
983 3813 1069 3898 ipsis
1092 3810 1325 3897 paedagogulis

725 4013 832 4066 NO'l'AE

261 4127 400 4193 t'droter,
414 4130 468 4195 tra]
500 4130 570 4181 Plio.
596 4130 660 4181 Nat.
686 4129 757 4180 Hist.
829 4135 847 4179 6
869 4124 1043 4189 Seneca-tre]
1069 4124 1112 4175 De
1139 4119 1327 4187 tranquillitate

229 4202 277 4254 lib.
285 4218 313 4256 x.
325 4205 384 4271 cap.
394 4212 436 4257 ³9.
446 4214 475 4257 et
484 4208 530 4260 lib.
542 4220 585 4258 ιιι.
594 4219 652 4271 esp.
663 4210 705 4258 47.
798 4203 876 4255 animi
885 4217 944 4270 cup.
956 4207 995 4252 lt.

263 4286 278 4329 5
295 4281 465 4348 damiata]
482 4283 540 4335 Lib.
550 4295 596 4335 ιιι.
606 4282 692 4348 Epist
703 4287 742 4333 14.
