3034 4900
214 291 258 356 60
477 332 480 335 -
575 307 612 354 u.
636 308 720 355 vau.
746 305 953 356 uuarraurs

214 452 340 539 pagiua
367 450 488 517 latim
518 449 626 536 loqui¹
646 449 699 517 las
720 451 779 530 sit,
803 455 917 535 potest
939 449 1106 534 Epistola,
1129 452 1185 518 vel
1201 452 1316 536 potius

213 557 328 622 Titulc
337 564 358 593 ‘⁰
374 562 553 621 contentus
568 575 652 620 esse.
697 555 951 640 Epigrammata
964 554 1032 619 illis
1045 555 1244 632 scribuntur,
1257 555 1316 639 qui

181 680 191 689 ·
215 659 321 724 solent
335 666 491 744 spectare
503 657 680 723 Florales.¹¹
724 658 806 723 Neu
820 659 925 722 intret
940 655 1045 722 Gato⁰
1062 657 1223 721 theatrum
1237 666 1317 721 nus·'

212 766 318 844 trum3
348 767 408 827 aut
432 764 463 827 si
483 762 667 841 intraverit,
691 767 832 847 spectet.
878 762 1007 826 Videor
1033 761 1114 825 mihi
1136 779 1211 825 meu
1238 758 1316 843 jure

215 864 378 945 iactums,
393 865 425 930 si
440 864 630 950 Epistulam
644 866 798 930 versibus
813 865 972 931 clausero.

211 1033 281 1095 stulu,
291 1037 332 1082 aut
347 1032 428 1097 potius
439 1033 603 1097 Inscripticrre.
620 998 804 1097 Epigrammata
818 1033 954 1085 reddantur
967 1031 1026 1092 illis,
1037 1029 1078 1092 qui
1093 1033 1259 1078 consueuerant
1274 1030 1317 1078 ud·

213 1110 262 1147 esse
271 1099 415 1148 Floralibus.
449 1100 509 1147 Cato
523 1114 568 1147 uun
583 1098 735 1160 ingredictur
750 1099 869 1148 theatrum
885 1101 990 1146 mmm
998 1111 1008 1153 ,⁴
1022 1099 1064 1143 eut
1074 1096 1096 1142 ri
1105 1092 1319 1156 tumuerim,

211 1168 308 1226 spectet.
345 1166 433 1213 cemes
442 1162 663 1227 mimuumjure
673 1164 886 1227 autumabam
899 1158 1191 1239 Epicteteucumiuibru.

679 1366 683 1373 p
711 1311 822 1362 NOTAE

246 1420 252 1453 ¹
266 1422 354 1473 Latiae
363 1424 439 1488 loqui]
455 1424 515 1474 Hoc
528 1429 579 1488 est,
592 1423 744 1488 simpliciter
817 1429 835 1454 ¹¹¹
855 1421 984 1487 Velputius
995 1417 1154 1483 Titulleui
1166 1415 1317 1468 abhorrete

211 1505 240 1550 et
251 1501 744 1567 apertesineullaverberumdissimu·
784 1498 887 1549 lascivis
906 1495 1149 1562 Epigrammatibus,
1165 1496 1238 1558 legat
1260 1498 1316 1543 tuu-

210 1576 308 1626 leticne
326 1578 414 1642 loqui:
431 1577 518 1628 Lutiui
529 1579 597 1628 enim
614 1578 743 1642 simplices
785 1585 840 1627 tum
851 1591 940 1627 eorum
959 1578 1101 1626 lemmata.
1117 1574 1162 1624 lib.
1172 1586 1228 1622 xtr.
1239 1572 1316 1636 Epig.

209 1652 383 1717 habebantur,
405 1664 433 1704 et
454 1655 556 1705 numine
577 1656 743 1720 propriores
784 1658 809 1704 2.
838 1655 999 1704 ‘Lemmata
1023 1653 1045 1702 si
1072 1651 1167 1716 quaerir
1194 1663 1242 1699 rur
1263 1650 1316 1699 siut

210 1731 327 1796 singulas
339 1731 514 1782 nominabant.
534 1732 590 1782 bib.
606 1745 645 1781 xr.
665 1733 743 1796 Epig.
785 1731 909 1796 ascripta,
931 1731 1046 1782 docebo:
1075 1730 1123 1792 Ut,
1144 1728 1165 1778 si
1185 1727 1316 1791 maluerit,

210 1812 252 1858 at.
268 1810 277 1835 ⁴
289 1808 398 1859 Caesaris
409 1808 519 1872 Augusti
527 1809 645 1873 lascivos,
655 1808 744 1871 livide,
783 1809 906 1860 lemmata
917 1810 972 1858 sole
982 1807 1073 1872 legas?

210 1898 299 1940 uersus
322 1885 374 1933 Sex
397 1886 465 1950 lege,
488 1886 533 1952 qui
558 1887 641 1937 tristis
664 1886 745 1937 verba
816 1894 829 1919 ¹¹
845 1886 964 1950 Florales]
981 1883 1211 1949 Ludusinstitutos
1228 1881 1255 1931 in
1273 1881 1317 1931 he·

209 1960 305 2012 Latius
322 1962 403 2025 legis!
435 1962 573 2013 Turnebus
595 1962 640 2017 lib.
663 1977 743 2014 xxrv.
785 1977 874 2012 norem
893 1962 957 2011 Deru
988 1961 1082 2023 Flora,
1103 1973 1165 2025 quos
1192 1957 1316 2010 describit

209 2038 469 2103 repudiaremus
481 2040 575 2090 Latina
586 2040 714 2104 appellari
728 2056 744 2090 a
767 2056 771 2068 ¹
785 2040 863 2091 Ouid.
875 2041 946 2090 Fast.
958 2054 985 2088 r.
996 2038 1104 2087 lascivus
1117 2050 1231 2101 prorsus.

209 2122 299 2166 aestro
313 2115 407 2180 Pota,
418 2132 476 2183 quae
488 2122 579 2181 aperte
595 2123 622 2165 et
632 2116 742 2182 ingenue
815 2119 891 2167 θΝωι
901 2118 975 2167 intret
985 2115 1057 2180 Cute]
1072 2115 1141 2165 Vide
1152 2113 1230 2180 Epig.
1243 2118 1267 2163 1.
1276 2113 1314 2164 itt·

208 2192 342 2244 lasciviam
360 2202 387 2243 et
397 2191 497 2258 flagitia
510 2192 664 2243 enuntiant:
682 2208 744 2259 qua·
784 2194 832 2247 fra.

208 2270 240 2323 tis
250 2276 290 2323 est
299 2269 512 2336 Epigrammatun
523 2271 621 2336 lingue.

629 2655 681 2703 AD
704 2656 895 2705 ΟΑΤΟΝΕΜ.

213 2749 358 2817 Nessus
368 2752 501 2835 Joccsee
518 2753 617 2820 dulce
632 2775 710 2820 cum
725 2777 858 2823 sacrum
874 2756 999 2836 Florae,

213 2851 403 2940 Festosque
414 2857 525 2947 lusus,
542 2863 576 2923 et
590 2857 759 2934 licentiam
780 2860 885 2942 vulgi,

209 2953 278 3021 Cur
293 2958 326 3022 iu
339 2959 515 3039 theatrum,
532 2958 618 3025 Cato
636 2981 765 3040 severe,
781 2963 930 3028 venistil

210 3057 268 3124 Aa
282 3060 360 3126 ideo
373 3068 501 3128 tautum
515 3082 667 3142 veneras,
682 3071 718 3130 ut
733 3067 872 3131 exiresl

241 3225 266 3277 Ο
288 3228 349 3277 Celo
364 3232 465 3292 umere,
483 3244 555 3292 quare
572 3230 692 3280 theatrum
705 3233 787 3295 edisti,
804 3248 857 3283 cum
875 3249 922 3282 nou
941 3233 1063 3295 ignorares
1083 3245 1153 3280 suum
1170 3229 1315 3296 sucripicism

206 3292 408 3409 mame?
417 3294 538 3358 festasque
548 3297 624 3403 ludes,
635 3301 660 3346 st
670 3297 807 3349 libertatem
814 3297 906 3364 plebis?
922 3314 954 3349 ert
969 3298 1057 3347 idcirce
1075 3302 1168 3346 tuntum
1184 3311 1315 3346 asceam

671 3443 851 3465 ΝΙΙΝΙΜΙΝ

238 3518 402 3570 Tetrasticurr
417 3520 475 3582 hee,
490 3519 574 3634 iuguit
589 3523 738 3589 Fatuabius,
753 3527 820 3590 quod
833 3528 859 3577 iu
871 3526 928 3576 aliis
940 3524 1000 3576 edd.
1012 3524 1129 3591 (Juuiau.
1142 3525 1239 3588 Delpb.
1250 3522 1314 3589 dre.)

208 3584 313 3634 tertiam
333 3586 470 3647 usurpavit
488 3600 515 3634 se
536 3601 586 3649 eru,
606 3590 663 3638 leco
683 3606 730 3640 suu
752 3591 889 3642 redonavit
908 3592 1051 3641 Scriverius
1073 3606 1106 3639 ex
1126 3591 1233 3640 consiliu
1253 3590 1312 3640 eod.

206 3648 366 3699 Bodleiarrii:
385 3650 411 3698 in
433 3664 483 3715 quc
502 3652 627 3715 Epistclae
648 3655 806 3720 pedissequa
826 3664 866 3706 est
883 3657 1038 3721 Inscriptio:
1062 3657 1130 3705 Idem
1148 3658 1180 3704 ud
1200 3658 1314 3705 Cutcnem

207 3714 334 3776 Epigrem.
366 3712 403 3764 At
413 3715 450 3763 sic
460 3715 569 3779 jamjam
580 3717 665 3770 fuerat
677 3721 703 3770 iu
714 3723 808 3770 Venet.
819 3720 880 3770 Ald.
893 3722 991 3785 Grypb.
1005 3721 1089 3771 Calin.
1101 3735 1142 3770 an.
1155 3726 1227 3769 1528.
1238 3722 1313 3772 Juut.

205 3793 247 3826 an.
260 3782 332 3827 1512.
351 3793 410 3828 eum
428 3781 514 3846 titulo,
523 3781 563 3833 Aa
575 3785 698 3837 Catonem.
731 3787 846 3837 Tertium
858 3794 899 3837 est
910 3788 936 3837 iu
947 3788 1036 3837 Plaut.
1048 3787 1181 3837 danii-2
1199 3787 1313 3851 Festupue

205 3845 272 3893 lasus
282 3844 358 3894 Junt.
368 3858 409 3895 au.
421 3849 495 3895 1512.

706 3964 813 4016 NOTAE

237 4071 360 4120 lJceurc
377 4049 589 4136 dulcelFloralie
605 4076 737 4141 iutelligit,
779 4059 873 4128 Flora.
917 4077 984 4128 Vide
1011 4078 1156 4142 Epistulam
1181 4091 1261 4140 supra
1283 4083 1311 4125 et

203 4162 261 4212 quse
282 4146 314 4204 ab
335 4147 472 4212 impudicis
492 4150 641 4200 mulieribus
661 4152 737 4203 nudis
779 4155 907 4219 Epipse.
920 4153 997 4205 iufra.
1016 4156 1153 4205 Praeseute
1165 4162 1251 4208 atrteur
1263 4155 1313 4204 Ca·

202 4224 737 4286 celebrabunturRcmaeiuhcuuremlleae
778 4236 840 4283 tcue
862 4233 987 4300 pupulum
1009 4232 1103 4299 puduit
1128 4232 1261 4296 postulare
1280 4237 1311 4290 ut
