3034 4900
463 332 774 393 entonannuuun
799 334 873 383 nun.
897 335 963 384 vn.
1162 328 1167 343 ⁴
1199 317 1267 385 att
1317 341 1324 348 ·

161 472 340 554 Redderis,
353 472 420 540 hen
435 482 561 560 quanto
575 477 719 545 satanam
732 479 889 545 munere!
911 480 1021 560 nobis,

204 575 353 644 Gustata
367 578 492 644 Lethes
506 601 610 664 paene
620 582 782 646 remissus
798 600 897 667 aqua.

159 677 463 766 Perdiderantjam
477 690 558 748 vota
571 690 905 767 aerumnarumque
918 683 1046 751 fiebant
1244 684 1267 749 5

141 856 143 859 ,
201 783 329 850 Tristia
341 804 418 849 cum
431 785 610 869 lacrymis3
627 786 767 871 jamque
778 792 934 869 peractus
948 804 1035 850 eras.

156 962 251 998 meres
260 963 334 999 arose
349 949 394 999 lteu
410 926 496 1014 quauta
511 950 685 1011 duuofutarum
703 952 838 1002 restitueris
851 920 925 1001 vrttrlris
932 949 988 1013 sere
999 950 1110 1001 retunsus
1119 951 1193 1003 lilatu
1202 953 1266 1003 unda

157 1011 264 1065 Latin!
295 1015 354 1064 June
364 1016 557 1066 rotaumiseruut
566 1017 686 1079 timerem,
697 1022 722 1066 et
731 1032 817 1067 maeror
825 1022 893 1068 tutus
902 1015 1088 1082 lacrymabatur,
1098 1017 1265 1083 etlamdepla-

622 1138 802 1158 “meeum

157 1211 252 1275 optimi
273 1210 445 1263 codices.—5.
463 1218 480 1263 d
495 1213 609 1264 ‘Priora
623 1215 700 1280 hujus
720 1213 825 1265 distichi
834 1214 896 1279 qnid
916 1213 966 1264 sibi
988 1214 1080 1272 velint,
1096 1227 1148 1263 non
1162 1214 1265 1267 extrica

158 1278 248 1340 plane.
281 1277 451 1341 conjeceram
463 1279 539 1329 olim:
557 1278 717 1330 Perdiderant
731 1281 787 1341 jam
809 1285 864 1330 nota
879 1285 965 1337 mela,-
981 1278 1038 1328 fere
1058 1286 1088 1328 nt
1099 1277 1179 1330 Ouid.
1191 1281 1263 1331 Fast.

158 1355 197 1390 vr.
206 1344 264 1390 2⁴15.
295 1342 330 1391 ‘S
351 1355 391 1390 em
409 1351 493 1393 metus
505 1346 651 1407 expulerat,
667 1361 725 1395 curn
738 1346 825 1394 Menti
838 1350 899 1394 voto
908 1345 1020 1394 Senatus
1032 1340 1164 1407 suscipit?
1188 1344 1264 1397 Adeo

157 1406 318 1457 utVerbnm
326 1359 451 1457 inritum
463 1409 623 1459 Perdiderant
635 1411 743 1461 Pessive
755 1410 885 1474 capiatur,
895 1411 936 1458 vel
946 1408 1078 1469 obsolute3
1096 1424 1147 1473 qna
1158 1408 1191 1459 de
1202 1425 1264 1460 con·

157 1471 277 1543 struendi
288 1472 391 1522 ratione
402 1473 461 1523 vide
471 1473 540 1523 Geli.
552 1475 597 1552 lit).
607 1489 687 1524 xrnu.
699 1492 756 1538 cap.
765 1479 804 1525 12.
821 1475 950 1525 vechner.
963 1474 1094 1535 Hellenol.
1110 1474 1155 1523 lib.
1165 1488 1185 1547 t.
1203 1488 1229 1538 p.
1240 1480 1264 1526 1.

154 1536 919 1674 tttltittttttttttlillsttlttfttf·llll:
936 1539 1265 1668 ittf·s¹;³„¹;tt.⁵·0t;tt

109 1693 112 1699 ·
156 1665 284 1716 licaeo.
318 1669 369 1716 Sed
390 1682 441 1717 non
459 1668 597 1719 satisfacit.
632 1671 780 1735 Receptans
798 1672 938 1720 lectionem
960 1669 1104 1719 Farnobins
1127 1668 1263 1733 explicata

155 1732 308 1797 ‘Tanquam
320 1733 426 1782 ineerta
438 1742 521 1783 marte
531 1734 732 1797 deposueramus
743 1750 826 1799 spem,
835 1741 926 1786 etcum
938 1736 1006 1784 uotis
1015 1739 1113 1785 metam
1123 1748 1264 1799 coramque

100 1828 106 1839 .
154 1796 265 1860 prote.'
298 1798 863 1865 Hocvoluisset’orsenPo'e'tam,nonplane
884 1799 976 1850 iverim
993 1799 1104 1851 inficias.
1137 1797 1263 1849 Attamen

154 1875 188 1910 an
198 1862 422 1913 hacsententiae
434 1865 545 1928 vulgata
553 1866 673 1913 lectionis
685 1866 771 1916 verbis
782 1865 900 1930 exsculpi
909 1865 1044 1916 commode
1053 1870 1140 1928 queat,
1151 1864 1266 1916 viderint

154 1940 197 1977 nte
204 1928 364 1978 oculatiores
375 1944 382 1976 r
399 1943 449 1990 ego
464 1936 537 1979 certe
549 1945 582 1977 ex
594 1930 644 1978 illis
656 1932 780 1994 colligere
792 1931 904 1980 nondrtm
920 1944 1033 1992 possum,
1049 1935 1113 1989 eota,
1125 1930 1142 1979 i.
1154 1943 1178 1979 e.
1190 1944 1264 1995 spem

155 2005 215 2041 cnm
236 1999 435 2043 metucessare.
468 1993 510 2043 Au
530 2001 619 2047 autem
641 1994 858 2058 quemadmodum
876 1994 1014 2044 ‘servitia'
1033 2010 1080 2058 pro
1100 1994 1219 2056 ‘servia'
1236 2002 1264 2044 et

154 2056 281 2120 ‘operes’
297 2072 345 2120 pro
361 2060 369 2087 ⁴
381 2058 518 2119 operariis'
535 2062 629 2122 passim
641 2061 750 2122 legimus
763 2059 836 2122 (ride
848 2065 875 2108 et
886 2058 989 2109 Erudit.
1001 2059 1113 2110 Grnner.
1123 2059 1158 2108 ad
1173 2059 1263 2110 Sedui.

155 2120 201 2172 lib.
211 2135 230 2172 1.
246 2137 272 2171 v.
280 2126 321 2172 20.
333 2130 362 2172 et
372 2125 463 2172 Brant.
475 2124 508 2172 ad
520 2125 587 2175 Caes.
598 2125 631 2173 Β.
642 2124 677 2174 G.
687 2124 732 2175 lib.
744 2139 795 2173 vn.
807 2124 862 2187 3²2)
874 2123 910 2191 ita
929 2130 959 2173 et
975 2124 1109 2174 valedixit
1129 2124 1262 2174 Martialis

70 2212 74 2223 ,
126 2208 129 2212 ’
154 2200 203 2299 {w
215 2187 368 2252 amicis‚qui
382 2189 475 2237 Licinii
485 2190 568 2239 salute
580 2198 641 2238 vota
652 2190 846 2252 conceperant?
864 2202 915 2252 qua
934 2188 967 2237 de
990 2189 1179 2237 consuetudine
1201 2189 1263 2239 vide

182 2252 275 2302 tisson.
288 2253 373 2328 dorm.
386 2254 431 2328 lib.
440 2268 460 2304 1.
477 2254 592 2329 Broukh.
602 2253 635 2302 ad
641 2254 740 2329 Tiburti.
752 2268 771 2302 1.
784 2259 870 2332 ⁵'.¹.⁰'.
893 2252 1037 2303 Thomasin.
1049 2252 1154 2329 (taliub.
1168 2253 1262 2304 Vocat.

155 2317 953 2446 titttttttititii·attriti·littltttttt
962 2318 1145 2433 iiiiii?
1163 2325 1262 2452 mittit:

154 2447 240 2497 derare
255 2449 309 2509 jum
319 2454 382 2509 ueta,
398 2455 483 2511 mnus,
499 2451 679 2514 conjunctione
689 2449 793 2510 omissa,
811 2457 840 2499 nt
859 2447 962 2511 saepius.
994 2447 1065 2499 Vide
1083 2445 1209 2498 Scheffer.
1228 2447 1262 2498 sd

155 2510 263 2562 Pliada.
278 2512 323 2563 lib.
337 2529 356 2563 1.
376 2514 438 2563 Fata
454 2530 479 2578 q.
490 2530 514 2563 v.
528 2519 552 2565 8.
569 2514 649 2564 Ouid.
662 2515 771 2564 Heroid.
794 2515 878 2577 Epist.
899 2527 930 2565 11.
948 2517 988 2563 ³1.
1022 2514 1114 2573 ‘Jura,
1129 2512 1195 2562 fides
1217 2514 1263 2563 ubi

153 2588 225 2627 nnnc
235 2579 424 2643 commissaque
435 2579 547 2630 dextero
558 2580 658 2629 dextrae
667 2579 686 2627 l'
704 2587 732 2629 et
746 2579 948 2629 riPerdideturtt
963 2579 1057 2629 iterum
1071 2594 1118 2642 pro
1133 2578 1262 2628 ‘Perdita
1318 2592 1322 2596 ’

155 2643 250 2705 erant,'
272 2644 313 2692 rel
330 2643 457 2693 absolute.
489 2645 540 2693 Sed
565 2660 598 2694 an
616 2659 709 2693 secura
726 2645 853 2695 tristitia?
870 2658 918 2693 cur
936 2658 999 2708 ergo
1016 2642 1138 2694 flebant?
1170 2644 1261 2710 Fletus

155 2710 277 2758 commoti
291 2709 367 2758 animi
387 2709 519 2767 indicium,
541 2724 593 2759 non
612 2718 700 2759 autem
719 2711 813 2759 securi.
847 2710 960 2758 Securus
981 2708 1114 2770 significat
1134 2709 1261 2773 quietum,

154 2774 338 2838 tranquillum:
355 2774 441 2822 malim
454 2775 559 2837 itaque:
588 2775 724 2837 ciuemque
735 2775 830 2839 flebant
843 2774 942 2824 Tristia.
976 2775 1043 2825 Quae
1059 2788 1109 2823 vox
1127 2774 1262 2837 aptissime

121 2897 123 2899 v
155 2835 278 2888 effectum
296 2853 358 2900 erga
367 2839 494 2889 Licinium
506 2840 637 2902 exprimit.
666 2840 710 2889 Ita
719 2847 748 2889 et
766 2838 910 2890 ‘sincerus’
928 2839 954 2887 in
971 2837 1110 2888 ‘securus'
1121 2838 1263 2889 transierat
1358 2856 1360 2861 ·

154 2903 223 2964 apud
237 2904 337 2952 Nason.
350 2905 373 2951 N
377 2919 418 2952 ue.
430 2920 454 2953 v.
464 2908 505 2953 35.
517 2904 560 2953 ubi
571 2905 630 2953 vide
641 2904 731 2953 Burm.
764 2904 816 2954 Sed
833 2910 873 2953 est
894 2910 1032 2968 praeterea,
1043 2903 1111 2967 qnod
1124 2904 1262 2968 aliquando
1367 2915 1371 2946 2

153 2967 254 3017 miiaiin
272 2969 474 3019 mentemvenit.
506 2970 588 3018 Extat
607 2970 727 3025 nimirum
747 2970 773 3017 in
792 2967 920 3034 aliquibus
937 2968 998 3017 edd.
1018 2967 1084 3030 [scil.
1100 2967 1162 3018 Alo.
1185 2968 1260 3020 lunt.

154 3031 238 3082 Calin.
250 3033 351 3097 Gryph.
364 3034 496 3084 Calderin.
515 3034 604 3084 Plani.
624 3035 729 3086 Junian.
750 3036 833 3098 Lang.
852 3033 948 3096 Delplr.
964 3033 1027 3096 δια]
1045 3048 1170 3097 securaque
1182 3034 1261 3098 flebat

156 3096 540 3163 trasitn‚erlucrymajamque
577 3104 671 3148 tractus
686 3114 747 3148 aas.
783 3099 895 3162 Respuit
913 3099 983 3148 hanc'
1000 3098 1141 3149 lectionem
1160 3099 1262 3149 Scrive-
1329 3125 1332 3128 ·

107 3188 113 3200 ·
154 3163 226 3211 riusa
245 3170 319 3228 puto,
340 3165 408 3228 quod
422 3167 504 3212 virum
528 3180 542 3213 ο
564 3165 672 3213 enderet
687 3163 833 3228 rijamque,
850 3162 1016 3227 praecedente
1034 3164 1088 3228 jam
1107 3165 1206 3228 copule
1227 3171 1261 3215 et.

155 3226 250 3291 Neque
262 3229 323 3277 mihi
333 3229 408 3278 valde
420 3228 520 3278 arridet
530 3244 538 3290 ;
555 3245 712 3294 quanquam,
722 3231 816 3293 sapius
828 3229 983 3292 particulam
995 3243 1039 3291 que
1050 3229 1194 3292 abundare,
1209 3245 1261 3290 non

154 3288 279 3353 ignorem.
312 3294 396 3344 Quid?
413 3295 536 3356 allegas:
553 3296 690 3359 sinceraque
691 3294 771 3360 flebat
784 3295 908 3354 matitia,
925 3294 953 3343 iu
973 3293 1086 3357 lacrymis
1098 3294 1197 3358 Jamque
1206 3309 1260 3357 per·

153 3360 222 3406 uetus
232 3371 293 3406 aas.
302 3358 329 3405 h.
337 3372 361 3408 e.
373 3367 495 3422 respectu
507 3360 677 3424 lacrymarum
687 3377 694 3409 ε
706 3361 757 3421 rel,
767 3367 808 3410 tot
819 3360 876 3423 jam
888 3359 1012 3422 lacrymae
1023 3358 1212 3421 fundebantur,
1228 3374 1260 3409 ec

154 3420 290 3470 citavere
308 3421 376 3470 diem
388 3430 462 3472 turtum
478 3423 595 3473 obiisses.
630 3426 689 3474 Hoc
702 3433 781 3488 paeto
799 3432 873 3474 certe
891 3423 1091 3473 interdurn'haec
1110 3424 1262 3488 prepositio

154 3490 196 3533 est
208 3487 380 3549 exponenda:
399 3495 428 3536 ut
440 3488 510 3549 apud
524 3490 590 3538 Flor.
608 3489 655 3539 lib.
667 3502 698 3539 n.
711 3505 770 3551 cap.
780 3494 804 3540 6.
820 3491 900 3537 ‘Tota
914 3489 996 3536 insuia
1011 3489 1036 3536 in
1060 3503 1111 3537 une
1128 3489 1194 3537 urhe
1217 3504 1257 3537 sn·

153 3557 250 3611 perata
261 3551 322 3601 est.'
353 3552 451 3603 lustin.
462 3553 507 3601 lib.
518 3566 575 3617 xiv,
585 3568 645 3616 cap.
657 3555 705 3606 ult.
738 3558 745 3582 ‘
757 3555 793 3603 Ut
806 3553 983 3609 Alexandrum
995 3553 1118 3615 possesio
1131 3553 1259 3604 moriente

154 3620 239 3664 matre
251 3616 426 3681 cognoscere!
445 3617 517 3667 Curt.
528 3630 565 3665 vt.
581 3622 606 3668 9.
638 3618 689 3672 ‘In
708 3618 781 3667 vobis
793 3618 898 3682 liberos,
912 3627 1044 3681 parentes,
1053 3618 1259 3682 consanguineos

186 3843 329 3894 tGustuta
339 3843 438 3907 Letltes]
447 3844 531 3894 Lethe
540 3842 688 3894 Irriercrnm
726 3851 792 3910 gunt
821 3844 879 3895 alii:
907 3859 1034 3908 securaque
1050 3842 1144 3909 flebant
1167 3842 1259 3897 natta

153 3913 257 3980 flarius,
278 3921 328 3971 hac
350 3929 400 3985 est,
419 3921 477 3971 fere
493 3928 609 3971 mortuus
627 3922 688 3975 vite
723 3939 776 3974 aunt
798 3923 918 3987 hannis,
938 3924 979 3984 lfa.
1002 3921 1073 3986 prior
1095 3919 1175 3974 lectio
1196 3919 1259 3969 mihi

154 3994 309 4047 restitueris.
723 4000 827 4051 videtur
857 3999 959 4060 melior,
987 3997 1037 4048 nisl
1065 3996 1136 4052 forte
1166 3995 1259 4049 melius

186 4077 202 4119 5
224 4073 286 4125 Vota
296 4077 395 4140 metatu]
412 4076 545 4141 speratim
558 4081 612 4128 tuae
624 4075 686 4128 ritae
723 4078 794 4141 legas
805 4093 811 4126 :
822 4074 1057 4140 securaquefleiunt:
1068 4072 1174 4139 (ncrnpe
1188 4070 1259 4133 vote)

155 4144 338 4217 depositajam
357 4153 517 4204 desieramns
538 4154 641 4216 timere,
660 4160 688 4205 et
724 4153 844 4220 Tristitia,
865 4159 888 4203 et
907 4149 1131 4218 lacrymarumque
1149 4151 1258 4212 punctus

136 4230 255 4278 'ceruus
264 4234 334 4280 tuam
342 4236 451 4282 mortem
462 4231 622 4296 lugebamus.
639 4233 688 4283 Le·
722 4246 784 4284 nas.
