3034 4900
510 327 550 402 rr.
574 327 659 376 ven.
684 327 891 377 nnnrranrs
915 330 1016 379 vm.
1288 319 1311 382 9

205 470 352 543 Claudio
367 476 401 538 et
416 469 549 540 Othone
569 476 725 540 testatum
746 473 890 558 reliquit.
935 474 1070 541 Bilbilis
1085 475 1218 542 colonia
1232 473 1303 542 Au·

204 582 303 660 gusta
317 574 410 642 dicta
423 579 487 657 est,
501 581 541 642 ut
553 577 630 660 ipse
644 576 762 642 scribit
778 593 819 642 n.
834 577 909 644 103.

334 676 537 767 Municipes,
552 677 709 763 Augusta
721 680 802 746 mibi
814 699 902 765 quos
917 680 1051 747 Bilbilis
1066 683 1135 748 acri

378 781 493 848 Monte
507 790 617 849 creat:

204 888 238 950 et
250 889 345 950 extat
357 883 393 949 in
406 884 536 952 liberii
551 886 638 972 Imp.
652 906 742 954 aereo
756 898 903 967 nummo,
918 887 1104 955 Accessi
1119 889 1304 979 Brnnrnls.

203 985 441 1072 Vespasianus
454 996 565 1055 nutem
584 988 696 1056 Plinio
715 998 802 1056 teste
817 1004 874 1055 ιιι.
887 990 919 1056 3.
941 991 1108 1058 universae
1124 990 1305 1074 Hispaniae

198 1090 256 1175 jus
267 1090 361 1156 Latii
373 1089 479 1170 dedit,
493 1092 667 1158 civitatem
680 1100 801 1177 postea
814 1091 1020 1160 Caracallus.
1056 1091 1168 1158 Marci
1178 1112 1256 1178 ergo
1271 1099 1306 1159 et

202 1190 333 1259 Valerii
346 1194 494 1272 nomina,
509 1214 603 1261 more
624 1196 749 1263 civium
764 1197 1008 1274 Romanorum,
1022 1195 1082 1280 qni
1097 1215 1305 1280 praenomen,

145 1298 152 1304 “
200 1300 330 1378 nomen,
343 1315 528 1380 cognomen
540 1297 700 1378 ferebant,
722 1299 788 1367 sibi
809 1298 914 1384 poeta
934 1298 1029 1382 legit,
1052 1297 1212 1364 arbitratu
1226 1317 1301 1363 reor
1429 1292 1431 1296 ’

196 1387 275 1463 suo.
320 1395 431 1465 Marci
452 1399 538 1465 forte
560 1406 595 1466 et
617 1399 799 1480 Martialis,
823 1400 913 1485 quod
926 1395 1048 1479 bnense
1073 1399 1194 1473 Martis
1207 1405 1303 1465 esset

201 1499 320 1567 editus.
364 1500 420 1567 Illi
443 1502 532 1569 enim
555 1502 677 1582 Marci,
698 1511 739 1570 ut
759 1506 889 1570 veteres
913 1503 1060 1603 uadunt,
1083 1504 1301 1570 vocabantur.

200 1601 333 1668 Valerii
354 1618 476 1670 nomen
500 1605 555 1672 vel
579 1625 602 1672 a
626 1605 819 1674 Maecenate
845 1627 908 1674 sno
931 1605 1046 1691 aliquo
1070 1605 1221 1685 Valerio,
1246 1604 1304 1671 rel

197 1702 341 1771 'Valerio
365 1705 492 1772 Flacco
519 1707 675 1774 familiari
701 1708 816 1794 poe'ta,
841 1711 898 1777 rel
922 1684 1009 1776 sorte
1036 1711 1080 1775 ob
1109 1708 1305 1774 memoriam

199 1806 339 1890 Catulli,
360 1829 459 1894 quem
481 1815 533 1877 est
554 1809 720 1892 imitatus,
744 1813 805 1895 qni
828 1813 960 1898 etipse
984 1810 1142 1878 Valerius
1164 1808 1306 1888 audivit,

201 1912 267 1979 sibi
283 1913 422 1980 sumsit:
444 1932 508 1979 nec
522 1914 612 1979 enim
625 1933 647 1980 a
660 1914 846 2000 majoribus
868 1922 1047 2000 acceptum
1069 1912 1221 1992 arbitror,
1236 1913 1304 1977 etsi

199 2033 266 2079 non
280 2015 409 2098 ignoro,
429 2016 563 2083 nomina
586 2016 683 2084 noris
704 2017 838 2084 civibus
861 2025 1013 2084 assumta
1037 2017 1081 2082 ab
1097 2017 1150 2094 iis,
1165 2032 1304 2100 quorum

199 2115 361 2183 beneficio
376 2118 549 2185 civitatem
570 2120 813 2205 impetrassent,
835 2140 898 2186 sua
917 2139 998 2186 uero
1020 2138 1082 2205 pro
1097 2114 1303 2201 cognomini·

193 2219 260 2303 ‘bus
275 2226 416 2287 servata
460 2220 564 2301 Quod
576 2223 634 2288 lib.
650 2239 676 2290 1.
692 2223 734 2289 de
747 2224 837 2290 bello
852 2224 989 2290 Gallico
1005 2220 1122 2288 Caesar
1141 2218 1303 2296 ostendit,

198 2341 275 2388 cum
290 2312 357 2390 ait:
380 2328 391 2359 ‘
406 2322 725 2390 Commodissimum
746 2327 859 2390 visum
880 2331 943 2403 est,
960 2324 1009 2389 M.
1024 2321 1199 2389 Valerium
1219 2319 1304 2386 Pm-

196 2424 322 2505 cillnm,
337 2423 414 2493 caii
426 2425 557 2494 Valerii
571 2424 714 2494 Caburri
727 2427 846 2510 lilium,
869 2427 966 2516 cnjus
980 2433 1076 2512 pater
1090 2444 1113 2492 a
1126 2423 1213 2490 Caio
1228 2420 1301 2489 Va·

196 2527 280 2594 lerio
295 2528 425 2595 Flacco
437 2529 573 2595 civitate
594 2529 740 2598 donatus
762 2536 844 2610 erat,
867 2527 1016 2596 mittere?
1039 2528 1103 2602 ¹llt
1119 2526 1243 2592 Cicero
1258 2524 1303 2590 ad

197 2628 364 2695 Acilium:
387 2634 399 2666 ‘
414 2629 502 2697 Cum
516 2632 690 2698 Demetrio
704 2632 810 2716 Mega
830 2632 912 2697 mibi
933 2635 1031 2696 vetus
1042 2627 1226 2712 hospitium
1239 2627 1302 2690 est.

197 2730 241 2796 Ei
264 2731 445 2800 Dolabella
461 2741 582 2818 rogatu
604 2753 678 2800 meo
702 2736 874 2801 civitatem
899 2732 1100 2819 impetravit,
1125 2749 1193 2816 qua
1212 2729 1247 2793 in
1266 2746 1303 2793 re

197 2851 260 2917 ego
285 2834 430 2901 interlui.
475 2836 596 2921 Itaque
622 2856 711 2901 nunc
736 2822 779 2902 Ρ.
795 2836 971 2901 Cornelius
999 2831 1164 2900 vocatur!
1207 2830 1303 2895 Idem

123 3015 127 3026 ⁵
156 2992 162 3000 .
198 2936 243 3001 ad
267 2937 409 3003 eundem
433 2932 601 3005 Acilium:
634 2937 700 3004 (Ο.
724 2937 910 3004 Avianium
934 2937 1160 3004 Philoxenum
1188 2931 1304 2999 Caesar

196 3058 272 3104 meo
308 3039 471 3105 beneficio
499 3041 535 3105 in
570 3040 849 3106 Novocomenses
884 3040 1007 3118 retulit,
1034 3058 1159 3105 nomen
1188 3042 1301 3102 autem
1368 3085 1370 3087 -

197 3140 336 3208 Auianii
352 3150 554 3209 consecutus
575 3148 637 3222 est,
661 3143 752 3228 quod
773 3142 907 3209 homine
928 3143 1018 3207 nullo
1039 3141 1117 3224 plns
1136 3156 1221 3204 usus
1236 3145 1302 3217 est,

196 3263 301 3329 quam
316 3245 442 3312 Flacco
466 3244 613 3312 Avianio
632 3264 710 3311 meo
731 3241 1024 3310 familiarissimo.'·
1059 3241 1148 3308 Item
1162 3240 1202 3304 in·
1216 3240 1301 3307 Ver·

195 3366 286 3414 rem:
309 3347 382 3427 ‘Q.
402 3348 557 3415 Lutatius
579 3348 752 3415 Diodorus
773 3347 938 3413 beneficio
961 3344 1006 3425 Q.
1029 3342 1142 3410 Catuli
1162 3361 1184 3407 a
1205 3340 1303 3425 Sylla
1430 3372 1434 3379 ·

196 3450 284 3516 civis
314 3449 488 3516 Romanus
510 3450 629 3529 sactus,
656 3437 842 3534 eademque
869 3449 998 3514 ratione
1020 3446 1063 3511 de
1091 3444 1215 3522 Dione,
1242 3442 1301 3527 qui

168 3589 171 3592 ·
195 3552 359 3618 beneficio
373 3551 418 3631 Q.
435 3552 567 3619 Metelli
590 3553 676 3619 civis
696 3552 821 3646 faenus,
842 3551 886 3631 Q.
902 3549 1064 3616 Caecilius
1080 3547 1149 3613 Dio
1166 3553 1219 3632 est
1240 3566 1300 3631 ap·

195 3653 364 3739 pollutus?
401 3656 473 3721 Sub
487 3655 756 3740 imperatoribus,
771 3674 847 3720 cum
861 3652 1017 3719 Murena
1030 3650 1151 3716 civitas
1166 3648 1301 3732 integris
1384 3647 1386 3654 '

195 3756 381 3842 provinciis
395 3756 537 3836 daretur,
557 3756 604 3836 hi,
627 3758 686 3841 qui
708 3757 882 3823 civitatem
904 3754 1097 3823 Romanam
1118 3770 1299 3835 conseque·

194 3859 329 3941 bantur,
350 3860 406 3925 vel
421 3860 641 3945 Imperatoris
656 3878 851 3945 praenomen
864 3867 900 3924 et
913 3874 1047 3935 nomen,
1061 3853 1119 3919 vel
1133 3854 1222 3938 ejus,
1239 3858 1299 3918 aut

196 3982 325 4040 eornm,
340 3981 482 4047 qnorum
495 3963 670 4052 praecipue
692 3962 849 4028 subsidio
864 3962 1037 4027 civitatem
1050 3959 1298 4041 impetrassent,

195 4064 332 4131 nomina
352 4063 507 4130 ferebant.
549 4064 677 4130 Verum
700 4085 777 4131 oum
798 4063 990 4130 Antoninus
1011 4058 1207 4126 Caracallus
1229 4055 1313 4119 lna·

196 4175 333 4253 perator
354 4167 629 4236 constitutionem
651 4167 827 4250 edidisset,
848 4186 925 4253 qnae
946 4166 1006 4231 lib.
1031 4180 1057 4230 1.
1084 4162 1299 4246 Digestorum
