3034 4900
477 366 710 421 nnsniuourr
734 371 784 422 nu
806 370 1014 423 urrunnu.
1248 361 1294 429 23

195 512 324 598 jndicio
348 493 513 598 superba3
533 533 597 580 uec
619 534 768 599 unquam
790 513 827 581 in
851 517 1005 584 confesso
1027 516 1151 601 pudore
1175 517 1292 585 Politia

200 616 386 687 adulatrix:
408 617 499 702 qnod
514 618 640 702 lepida,
663 612 698 683 et
720 618 821 686 salsis
835 618 959 685 linibus
973 620 1130 686 aculeata
1144 621 1292 686 carmina

198 717 375 785 lectitaret.
417 719 606 787 Elocutioni
629 726 724 788 casta
745 728 858 789 tannen
881 722 1009 808 puritas
1034 742 1076 789 ao
1099 723 1135 788 in
1155 741 1292 790 numero
1429 714 1431 717 ’

199 843 289 909 saepe
303 824 387 890 duro
400 822 518 890 lenitas
531 823 655 891 defuit:
671 824 782 909 qualis
792 825 828 891 in
836 823 972 892 Catullo
984 831 1171 911 maotcncro
1182 825 1294 892 Poita

199 927 417 1012 conspicitur:
431 946 509 993 cnm
522 926 692 1010 ingeniose
704 928 855 995 mordaci
868 936 904 994 at
917 928 1047 1014 impuro
1056 927 1205 995 Martiali
1218 949 1293 1013 pcr-
1366 946 1369 953 ·

200 1030 319 1119 similis
347 1048 424 1095 esso
450 1028 575 1107 mallet,
596 1035 635 1093 nt
656 1048 724 1095 una
746 1030 933 1114 praesertim
954 1026 1121 1114 peracutas
1152 1029 1292 1096 circum-

201 1130 375 1217 dncmque
390 1133 566 1197 sententiae
578 1132 683 1215 gloria
695 1132 879 1212 doceretur,—
893 1136 954 1197 tec.

221 1295 377 1364 Andreas
392 1297 593 1384 Naugerius,
608 1298 758 1367 Auctore
773 1302 807 1366 in
823 1300 944 1367 iisdem
959 1298 1090 1384 Elogiis
1104 1299 1146 1366 P.
1159 1299 1183 1366 J
1184 1301 1274 1367 ovio.

243 1435 329 1501 Cum
345 1433 595 1521 Epigrammata
610 1437 782 1523 praestanti
801 1435 935 1521 judicio
950 1434 1154 1519 lepidissime
1168 1435 1295 1502 scribe·

157 1536 167 1548 ‘
200 1544 259 1616 ret,
281 1556 346 1603 non
360 1537 460 1603 salsis
474 1538 704 1622 aculeatisque
718 1538 851 1617 finibus,
873 1538 934 1604 sed
947 1538 1062 1602 tenera
1083 1537 1144 1602 illa
1161 1545 1197 1604 et
1209 1557 1296 1623 prae·

201 1638 291 1705 dulci
313 1639 429 1724 prisca
451 1640 620 1705 suavitate
649 1639 841 1719 claudebat,
869 1640 954 1705 adeo
983 1638 1132 1705 Martiali
1160 1659 1296 1706 severus

201 1739 321 1820 hostis,
342 1748 380 1808 ut
402 1743 584 1828 quotannis
614 1748 702 1809 stato
728 1742 784 1809 die
813 1741 937 1809 Musis
951 1741 1063 1806 dicato
1086 1741 1195 1807 multa
1219 1740 1296 1826 ejus

202 1846 384 1923 volumina,
405 1852 567 1931 tanquam
578 1846 719 1932 impura,
742 1865 818 1911 cum
840 1843 1052 1911 execratione
1066 1840 1222 1909 Vulcano
1245 1844 1296 1908 ‹li-

203 1953 363 2013 ementur.

244 2130 325 2197 Aria
338 2131 477 2199 onistra
489 2130 670 2199 nferioam
684 2130 884 2201 Griticorum
894 2108 898 2113 ’
902 2130 1035 2215 jndicio
1057 2127 1188 2194 vidais
1204 2125 1295 2193 uar-

201 2236 283 2302 tiale
297 2234 338 2301 P.
355 2226 523 2300 Scrivenii.
