3034 4900
255 358 299 423 52
615 371 653 419 u.
677 369 763 420 vnn.
788 369 995 419 unnrmurs

256 517 337 583 Non
352 515 532 582 Marathon
545 520 690 595 taurum,
707 515 836 581 Nemee
849 515 1010 582 frondosa
1024 514 1170 594 leonem,

297 618 407 686 Arcas
424 621 620 686 Maenalium
633 640 700 685 non
713 621 880 703 timuisset
893 640 1024 704 aprum.

255 723 344 790 Haec
360 729 488 789 armeta
501 742 621 789 manus
634 722 749 808 hydrae
762 743 853 788 mors
867 742 935 787 una
948 723 1081 799 suisset,

282 846 285 851 ¹
300 827 394 892 Huic
409 844 570 910 percusse
582 826 668 891 foret
682 833 757 891 tota
772 825 937 890 Chimaera
951 822 1064 891 semel.

255 927 436 1015 ignipedes
452 933 569 1013 posset
584 928 656 993 sine
672 927 835 994 Colchide
848 929 980 994 vincere
994 933 1129 994 muros:

298 1033 436 1099 Solvere
450 1037 484 1097 et
499 1031 685 1096 Hesionem
700 1032 808 1110 solus,
825 1040 861 1096 et
874 1030 1120 1096 Andromeden.

248 1168 386 1262 'frondifero
396 1202 492 1261 leonem,
501 1215 544 1250 neo
552 1199 630 1250 Arcus
639 1215 724 1264 upum
735 1201 885 1251 Marullum.
920 1200 982 1250 Hoec
991 1201 1091 1249 dextero
1102 1195 1264 1261 Carpophori
1281 1198 1355 1246 erinis

252 1266 345 1316 munito
361 1266 516 1328 interfecisset
532 1266 632 1330 hydrum
650 1281 696 1315 uno
707 1281 772 1329 nece,
787 1282 832 1315 uuo
849 1267 915 1315 illius
926 1262 976 1315 ictu
987 1270 1038 1315 toto
1056 1265 1175 1328 Chimera
1185 1278 1246 1312 coeso
1254 1261 1354 1322 suisset.

252 1332 346 1396 Absque
357 1333 450 1382 Medeoe
461 1345 511 1396 ope
518 1331 633 1400 potuisset
643 1346 753 1395 superare
764 1337 845 1381 tauros
852 1331 988 1395 ignipedes:
1003 1336 1073 1394 atque
1083 1330 1146 1378 solus
1155 1327 1257 1377 liberare
1268 1326 1355 1376 Hesio·

714 1460 880 1480 ΜΟ

252 1542 371 1605 tetricus,
380 1535 459 1606 'quam
474 1543 546 1592 ιιιιΙΙιι
563 1541 664 1591 nubilus
678 1541 758 1592 iral⁷'
781 1543 841 1592 Ant.
859 1544 888 1592 de
905 1543 1029 1607 Boou—5
1048 1540 1311 1590 Hocormuntemonus
1326 1536 1353 1586 iu
1443 1533 1450 1557 ⁹

251 1608 310 1660 cod.
322 1608 471 1657 Thurin—6
488 1608 555 1657 Hine
565 1608 648 1658 codex
660 1607 736 1657 Bodl.
748 1612 777 1656 et
787 1623 866 1671 marg.
878 1609 919 1657 ed.
929 1609 1003 1660 Jnnt.
1016 1611 1089 1656 1512.
1107 1619 1186 1669 penes
1202 1605 1354 1667 Editorem3

251 1674 269 1723 i.
281 1687 304 1723 e.
317 1673 349 1721 ab
361 1672 408 1720 luc
420 1687 507 1736 manu,
517 1674 558 1723 vel
566 1687 618 1722 uno
629 1672 684 1721 ictu
697 1673 815 1736 periisset
824 1671 941 1722 triforme
952 1672 1016 1721 illud
1026 1678 1177 1732 monstrum,
1185 1668 1275 1733 Πρόσθε
1284 1667 1354 1731 λέων,

252 1735 363 1786 ὄσιθενδὶ
374 1734 558 1800 undecennium
574 1736 600 1786 ol
614 1738 723 1801 Χίμαιρα·
741 1753 800 1802 quoe
817 1752 833 1786 e
849 1737 1051 1800 Bellerophonte
1068 1736 1165 1786 domita
1176 1743 1218 1784 est
1229 1749 1281 1784 non
1297 1735 1353 1784 sine

251 1803 353 1852 diutino
364 1803 512 1864 prelis-⁷
529 1803 592 1864 Alii,
603 1804 744 1867 AEripedes3
760 1802 922 1864 χαλκόποδας·
938 1802 1124 1866 idempraestat
1137 1801 1278 1849 auctoritas
1295 1799 1353 1849 cod.

251 1868 327 1917 Voss.
343 1867 456 1929 scilicet,
472 1868 592 1931 eripedes:
608 1868 662 1928 alii,
679 1868 824 1930 Igniromos,
839 1867 921 1931 enters
936 1865 1071 1931 φυσιόωντε·
1098 1865 1188 1914 Heius.
1206 1865 1352 1927 AErripedee,·

250 1945 394 1997 quanquam
407 1933 533 1996 ignipedes
549 1933 614 1983 Solis
634 1933 694 1996 equi
712 1933 802 1982 Poetis
819 1933 949 1983 dicantur.
982 1931 1103 1994 Igniseros
1114 1931 1197 1980 codex
1210 1929 1309 1979 Thunu.
1325 1936 1353 1978 et
1372 1935 1375 1942 '

249 1998 310 2046 lruic
321 1997 405 2045 versui
418 1998 536 2062 subjicit:
553 1998 633 2047 Possit
647 2003 772 2061 utrumque
780 1997 838 2057 sero
853 1999 946 2048 uincere
955 1997 1095 2060 Pasiphaes.
1127 1996 1158 2046 Sl
1173 1996 1234 2044 situs
1247 1995 1351 2058 equorei

250 2066 371 2111 reuocetur
381 2060 465 2121 scdulo
481 2064 580 2111 oronstri
596 2062 690 2112 Solum
704 2067 728 2112 et
745 2062 883 2114 Hesionen.
915 2062 952 2112 At
964 2061 1121 2111 Bererland.
1133 2060 1211 2124 legit:
1228 2059 1259 2108 Si
1274 2060 1307 2108 sit
1324 2065 1351 2108 et

249 2127 361 2191 equorei,
369 2134 397 2175 et
408 2126 538 2176 Hesionen
547 2129 634 2175 solvet:
653 2128 739 2176 nescio
751 2128 796 2191 qui
808 2129 913 2178 rectius.
946 2128 1015 2177 Hinc
1026 2125 1090 2176 fecit
1102 2124 1264 2177 Gronovius:
1281 2125 1352 2186 Igni-

243 2191 312 2252 seros
320 2195 396 2254 posset
404 2191 456 2240 sine
468 2192 683 2254 Colchidejuugere
693 2197 788 2242 tauros:
801 2194 886 2242 Posset
897 2183 1103 2256 utrumqnefert'tm
1112 2191 1205 2240 uincere
1212 2188 1351 2252 Postridie.
1429 2211 1432 2218 ·

251 2257 325 2305 Cetus
335 2262 360 2305 et
369 2256 470 2319 <romei
479 2256 687 2316 revoceturfolrulo
697 2258 807 2319 monstri,
817 2256 924 2308 Solveret
935 2257 1064 2307 Hesionen
1073 2258 1136 2309 solus
1145 2261 1168 2304 et
1178 2256 1350 2305 Andromeda.

249 2319 440 2370 Wernsdorfins
452 2320 535 2382 malit,
546 2321 576 2370 Si
590 2326 658 2371 ectus
670 2323 788 2386 ‹equorei,·
804 2324 846 2373 vel
856 2324 887 2374 Si
903 2325 935 2374 sit
952 2329 988 2387 ut,
1006 2321 1023 2372 i.
1035 2337 1059 2372 e·
1076 2323 1098 2371 si
1110 2320 1247 2384 continget
1262 2324 1350 2371 ιιι-8

249 2385 369 2436 Hesionen
378 2386 451 2436 Juut.
463 2401 504 2437 an.
515 2390 587 2436 1512.

743 2506 850 2557 NOTAE

280 2619 296 2663 t
310 2615 449 2681 Marathon]
469 2617 538 2668 Urbs
548 2623 590 2668 est
601 2618 690 2668 decem
702 2618 778 2667 milli·
818 2634 859 2669 me
870 2635 876 2669 ι
894 2617 1084 2669 habebatenim
1092 2616 1175 2667 leonis
1185 2619 1276 2680 caput,
1288 2628 1351 2664 ven·

247 2688 777 2759 buspussnurndistansebAthenis‚hodie
817 2704 884 2747 trem
908 2712 1005 2761 capre,
1031 2702 1059 2747 et
1085 2695 1202 2745 draconis
1229 2693 1372 2755 cendam&

248 2767 425 2818 ‘Merasons’
438 2771 479 2819 vel
496 2769 671 2832 ‘Maratona‚’
681 2785 732 2834 quc
743 2785 777 2819 ex
819 2773 887 2837 quod
895 2772 1183 2835 occiditBellerophon.
1192 2769 1272 2821 ovid.
1280 2769 1347 2819 Met.
1362 2757 1373 2775 ²

248 2843 610 2910 CretetuurumePasiplmii
628 2847 777 2898 adamatum
817 2861 866 2896 rx„
1235 2872 1237 2875 ⁴

246 2920 375 2972 Hercules
387 2923 496 2973 adduxit
511 2922 544 2972 ud
555 2920 737 2987 Eurystheum,
746 2923 777 2972 il·
848 2928 864 2973 7
880 2924 1016 2989 Ignipedes]
1038 2923 1115 2974 Ouid.
1132 2924 1200 2973 Met.
1212 2937 1263 2973 vu.
1283 2923 1349 2987 legit

246 2997 332 3063 licque
355 2999 426 3049 illum
447 2997 589 3049 interfecit.
622 2998 676 3048 Alii
689 3007 776 3049 tamen
816 3002 949 3065 AErr'pedes.
990 3002 1045 3051 Hos
1071 3015 1132 3050 vero
1154 3006 1242 3050 tauros
1267 3001 1348 3050 rcllus

246 3078 349 3124 taurum
358 3076 549 3126 Marathoniurn
560 3075 685 3126 u'l'lreseo
696 3077 776 3126 domi·
816 3094 922 3129 aureum
934 3080 1109 3131 custodientes
1121 3079 1185 3128 vicit
1200 3079 1280 3137 Jeson
1297 3094 1347 3143 ope

246 3154 301 3200 tum
312 3149 450 3215 affirment,
461 3152 494 3202 de
505 3166 556 3218 qno
567 3151 672 3226 Anthol.
684 3152 728 3203 lib.
737 3167 776 3204 rr.
815 3156 918 3207 Medeae
928 3143 1065 3219 Colchidis,
1080 3154 1348 3219 cnjuslrlstoriasatir
1409 3219 1413 3234 ,
1498 3121 1499 3146 ἶ

246 3232 274 3274 et
286 3227 363 3278 ovid.
374 3228 442 3278 Met.
453 3242 504 3277 vn.
816 3241 891 3297 putet
902 3250 935 3284 ex
947 3233 1043 3283 Ouidio
1054 3240 1082 3282 et
1093 3231 1198 3281 Valerio
1210 3232 1313 3282 Flacco.

236 3366 239 3370 Ι
278 3305 378 3368 Nemee]
394 3306 474 3369 Sylva
485 3304 670 3368 Peloponnesi,
680 3304 725 3355 nbi
734 3307 776 3357 leo
849 3308 1024 3371 8Hesionem]
1051 3303 1143 3357 Filiam
1165 3307 1347 3358 Laomedontis

244 3380 277 3430 ab
299 3381 415 3431 Hercule
432 3386 577 3445 prostratus
597 3387 647 3446 est,
663 3381 740 3447 Epig.
751 3387 776 3435 6.
816 3386 988 3449 Trojanornm
999 3383 1075 3446 regis,
1091 3382 1222 3446 objectam
1231 3390 1348 3435 monstro

244 3469 331 3520 supra.
741 3515 744 3522 .
813 3463 922 3524 marino,
943 3468 969 3510 et
981 3460 1129 3509 devinctum
1144 3474 1218 3521 suo,
1226 3459 1349 3511 liberavit

276 3533 454 3598 4Mcnolium]
473 3533 774 3586 MeualnsmousArcc·
814 3539 952 3588 Hercules.
989 3536 1067 3586 Ovid.
1088 3537 1156 3585 Met.
1176 3549 1215 3585 rr.
1255 3536 1346 3601 ‘regis

244 3610 305 3672 diae,
319 3609 365 3660 ubi
380 3610 510 3673 ingentem
530 3625 621 3674 aprum
640 3603 774 3661 interfecit
814 3628 915 3680 quoque
925 3612 979 3661 filia
992 3618 1108 3662 monstro
1127 3612 1249 3662 Poscitur
1260 3628 1347 3678 aequo·

206 3733 208 3738 .
243 3686 375 3736 Hercules
392 3686 476 3737 nur.
493 3687 619 3751 Epintid·
645 3688 773 3738 ‘Nemeae
815 3705 869 3752 reo,
889 3704 965 3755 qnam
986 3689 1044 3738 dira
1069 3689 1103 3752 ad
1122 3703 1186 3739 saxa
1201 3690 1345 3740 revinctam
1399 3701 1401 3707 ⁴
1498 3723 1499 3730 ι

152 3799 156 3808 .
243 3768 335 3825 terror,
346 3763 464 3813 etArces
476 3762 554 3828 aper?
814 3766 938 3816 Vindicat
948 3765 1073 3815 Alcides!
1498 3757 1499 3764 ¹

275 3843 290 3887 5
311 3838 406 3902 Hydrae
415 3855 478 3889 mm
487 3839 546 3910 unc]
576 3839 635 3890 Hoc
649 3847 699 3903 est,
710 3841 772 3889 ler-
845 3844 1020 3907 Andromeden]
1042 3843 1108 3893 011ae
1119 3840 1172 3891 tilia
1182 3838 1232 3891 fnit
1245 3844 1345 3908 Cephei

224 3981 228 3986 Π
242 3927 327 3962 naeem
345 3915 414 3964 illem
430 3923 528 3979 pestem
540 3931 591 3966 uno
602 3917 657 3966 ictu
668 3914 772 3966 interfe·
814 3919 881 3982 regis
890 3918 1054 3981 AEthiopum:
1071 3923 1130 3967 ceto
1142 3918 1270 3981 exposita,
1283 3919 1345 3969 libe·

242 3989 321 4040 cisset
330 3992 522 4056 carpophorus,
534 4007 609 4057 quam
626 3992 714 4041 multis
731 4006 772 4040 re·
813 4000 869 4043 ratu
880 4003 946 4044 esta
960 3995 1060 4043 Perseo
1072 4000 1149 4058 pecto
1161 3993 1217 4055 ejus
1229 3995 1344 4058 nuptias.

242 4067 334 4129 petitis
351 4068 498 4118 vulneribus
519 4070 564 4117 vix
588 4067 684 4117 occidit
704 4067 772 4117 Her·
814 4070 924 4119 Ovidius
944 4070 1011 4119 Met.
1032 4084 1071 4118 ιι.
1109 4068 1231 4117 Manilius
1250 4069 1296 4120 lib.
1316 4086 1344 4122 u.

242 4144 323 4207 cules,
331 4145 460 4209 capitibus
471 4159 564 4209 nempe
575 4144 632 4193 aliis
646 4159 771 4212 cursorum
812 4147 915 4210 copiose
943 4146 1066 4196 describit
1091 4146 1157 4195 hanc
1191 4145 1342 4197 historiam:

239 4221 298 4270 'loco
310 4221 512 4271 renascentibus.
811 4224 819 4250 ‘
831 4222 969 4287 Proposita
978 4229 1019 4271 est
1028 4236 1133 4284 merces,
1142 4235 1237 4272 vesano
1245 4221 1342 4272 dedere

272 4297 432 4360 uciimoero]
453 4299 597 4347 Monstrum
615 4296 664 4349 fuit
682 4297 770 4348 trifor-
811 4299 898 4350 Ponto
917 4297 1112 4363 Andromeden,
1124 4305 1228 4349 teneros
1246 4306 1277 4349 ut
1289 4298 1342 4348 bel·
1498 4325 1499 4360 3
