3034 4900
229 353 274 446 ‚2²
509 368 742 421 rssrruosra
767 348 817 419 nn
841 351 1049 419 ururranc.

230 516 330 581 trivio
354 514 527 600 appellati
549 513 685 580 Nollem
708 512 894 578 excidisset
918 510 991 579 riro
1017 528 1139 594 magno
1161 509 1225 575 hoc
1237 507 1328 594 judi·

231 620 321 683 cium
331 618 454 703 judicii
464 618 636 684 dissimile.
682 616 776 683 Nihil
791 616 835 682 ad
849 615 1019 682 Catullum
1041 613 1218 692 Martialis,
1234 615 1326 679 scio:

230 721 289 785 sed
302 727 336 786 et
349 721 413 786 hoc
426 716 511 799 scio,
531 719 783 805 Epigrammata
805 719 864 785 illa
886 738 949 784 nec
972 718 1008 783 in
1033 716 1131 783 tn’rio
1153 722 1246 794 nata,
1268 735 1328 781 nec

232 826 342 890 omnia
356 824 392 889 in
406 824 563 890 triclinio.
610 823 721 889 Multa
733 822 782 888 foe
804 843 838 902 a,
856 824 1017 888 obscoena
1038 821 1074 885 in
1097 819 1272 887 Martiale:
1294 826 1330 884 ct

230 927 415 993 mehercule
439 926 476 991 in
499 946 566 991 uno
587 923 713 991 Catulli
733 925 852 991 libello
877 944 943 991 non
969 923 1232 1009 pudiciora,sed
1245 942 1329 1006 pau·

233 1028 336 1094 ciora.
381 1028 516 1113 Ignorat
528 1029 691 1095 saeculum
705 1027 797 1108 illud,
811 1027 870 1112 qui
882 1027 949 1094 hoc
963 1034 1112 1092 accusat.

275 1212 321 1293 Et
335 1219 455 1291 cetera,
477 1213 537 1298 qui
551 1214 600 1279 ibi
614 1219 798 1299 sequuntur
822 1218 924 1278 tauto.
940 1212 1012 1277 viro
1030 1209 1176 1293 indigna.
1220 1208 1332 1275 Pudet

231 1334 286 1380 me
302 1314 442 1400 judicii:
466 1317 557 1402 quod
571 1317 658 1382 infra
678 1318 766 1381 inter
779 1315 971 1380 Infelicium
986 1313 1183 1379 criticorum
1200 1311 1331 1403 judicia

231 1417 420 1482 merebatur
433 1417 560 1484 locum.
600 1419 668 1483 Sed
683 1417 822 1502 reliquis
836 1418 905 1482 tuis
917 1417 1044 1483 meritis
1056 1415 1268 1494 lucrifecisti,
1284 1414 1331 1480 mi

234 1518 342 1603 Lipei‚
363 1519 450 1623 hanc
464 1528 579 1597 notam
592 1522 790 1588 censoriam.

635 1826 939 1840 m·-

335 2059 618 2157 SINISTRA
659 2064 942 2152 QUAEDAM
981 2065 1231 2142 JUDICIA

467 2254 763 2323 INFELIGIUM
787 2255 1097 2378 (lliITIGORUM

766 2421 804 2460 DE

562 2469 1005 2606 MARTIALE.

236 2815 390 2936 liaphail
403 2823 660 2915 volaterranus,
674 2823 910 2902 ‘Commentau
932 2814 1143 2900 Urbanorum
1162 2835 1221 2900 lib.
1238 2852 1334 2902 xvrr.

280 2966 330 3031 M.
344 2966 501 3036 Valerius
522 2971 704 3051 Martialis„
727 2971 836 3039 Poeta
859 2972 1158 3056 Epigrammatum,
1178 2991 1198 3036 a
1218 2970 1336 3036 Bilbili

236 3069 363 3154 oppido
378 3071 581 3140 Celtiberiae.
626 3074 748 3140 Romae
762 3094 871 3141 annos
886 3075 1019 3157 triginta
1039 3079 1278 3151 commoratus,
1299 3073 1336 3137 in

237 3171 441 3257 Hispaniam
455 3175 588 3242 demum
602 3178 745 3257 revertit,
768 3198 897 3262 pauper
912 3176 1099 3255 admodum,
1121 3181 1154 3240 et
1175 3176 1301 3243 viatico
1315 3196 1338 3242 u

238 3271 351 3341 Plinio
374 3276 524 3362 Nepote,
553 3288 592 3344 ut
618 3281 654 3346 in
679 3270 1165 3366 ejus'Epistoladeclaratur,
1186 3279 1335 3364 adjutus.

238 3372 379 3442 Amicos
404 3380 510 3445 coluit
535 3380 686 3461 Stellam,
708 3383 830 3448 Silium
855 3383 1021 3448 Italicum.
1072 3379 1212 3447 Ascitns
1241 3388 1274 3446 et
1302 3383 1337 3446 irr

240 3479 387 3544 ordinem
403 3480 609 3565 Equestrem,
632 3491 664 3549 et
680 3485 761 3570 jura
785 3486 884 3550 trium
905 3484 1083 3549 liberorum
1104 3485 1247 3570 adeptus
1268 3490 1335 3548 est:

170 3655 177 3665 ἱ
237 3580 373 3665 reliquit
386 3583 671 3669 Epigrammatum
687 3588 808 3652 librum
822 3587 957 3651 omnino
971 3585 1196 3669 rejiciendum,
1210 3585 1337 3670 quippe

239 3685 299 3766 qui
313 3704 421 3769 neque
434 3686 604 3771 elegantiae
621 3689 753 3772 Latinae
768 3709 876 3773 neque
890 3688 1037 3753 moribus
1052 3691 1165 3774 prosit.

241 3849 371 3932 Paulus
394 3852 529 3936 Jorius,
553 3857 590 3922 in
617 3856 742 3941 Elegiis
765 3857 928 3928 Virorum
952 3858 1061 3923 literis
1084 3857 1280 3938 Illustrium,
1302 3858 1337 3923 in

541 3959 660 4027 Marco
677 3959 828 4026 Antonio
843 3959 1037 4026 casanova.

283 4089 334 4157 M.
347 4089 430 4157 Ant.
445 4092 645 4173 Casanovea
660 4096 827 4161 (lomense
841 4103 935 4181 patre
951 4095 1071 4161 Romae
1086 4096 1209 4179 genito,
1230 4095 1339 4179 arguti

240 4193 502 4280 Epigrammatis
517 4196 665 4282 palmam
678 4199 797 4267 detulit
808 4200 866 4266 illa
879 4201 956 4284 ipsa
969 4198 1092 4278 Roma,
1107 4217 1231 4265 severae
1246 4199 1338 4264 auris
