3034 4900
500 345 811 396 nrrcnsuuarnu
838 346 910 395 ura.
926 346 959 394 v.
1219 326 1284 394 363

311 493 463 560 Tandem
478 492 684 570 commodius
699 493 781 558 licet
793 492 918 571 sedero,

299 607 301 613 ⁴
313 596 414 662 Nunc
428 603 480 660 est
493 596 622 661 reddita
636 596 781 678 dignitas
795 596 978 679 equestris3

312 701 428 784 Turba
442 718 508 764 non
523 701 714 784 premimur,
729 720 792 764 nec
808 701 1033 784 inquinamur:

314 803 416 880 Haec,
431 811 466 867 et
481 803 564 867 talin
578 803 657 869 dum
672 803 768 867 refert
783 802 936 885 supinus,

314 905 398 970 Illas
413 925 599 989 purpureas
613 912 648 984 et
664 913 857 988 arrogantes

313 1007 337 1073 J
338 1010 425 1074 ussit
439 1028 571 1092 surgere
588 1008 725 1074 Lectius
738 1008 900 1072 lacernas.

187 1161 290 1212 Tandem
296 1158 340 1220 ses
348 1165 384 1210 est
391 1162 471 1210 sedere
480 1158 809 1222 commodius,nunedignitns
822 1159 935 1222 equestris
946 1165 980 1206 est
991 1156 1110 1214 restituto,
1119 1171 1164 1207 non
1178 1171 1290 1218 urgemur
1343 1187 1345 1192 ,

185 1225 398 1285 multitudinum
410 1224 538 1284 foedumur.
571 1221 1290 1290 DumsspiuusprosertMedontifflreetiusimperenit
1364 1239 1367 1250 ¹

176 1290 765 1355 senueucennrinupurpureasnsnpernas.
1117 1331 1119 1334 .

688 1422 795 1473 NOTAE

185 1519 244 1586 qais
256 1519 282 1570 ln
293 1518 351 1569 foro
363 1518 467 1570 circove
476 1518 524 1570 nisi
537 1520 718 1585 positislacer·
792 1523 809 1569 9
826 1519 878 1569 Nec
888 1514 1051 1582 inquinamur]
1067 1513 1191 1566 Sardibus
1199 1513 1293 1579 plebis.

187 1599 228 1649 sris
241 1604 346 1663 togatus
357 1598 526 1650 consisteret:
551 1606 667 1651 attamen
678 1600 721 1649 din
795 1601 824 1646 ll
842 1596 901 1645 Ilios
910 1593 1049 1659 purpureus]
1065 1590 1293 1656 Metonyrniaes13

187 1688 241 1724 non
249 1675 371 1726 obtinuit.
538 1685 539 1692 ¹
763 1675 790 1724 id
805 1681 854 1736 est,
864 1672 1014 1735 designator
1031 1669 1146 1732 Lectius,
1160 1667 1206 1732 qui
1227 1666 1294 1716 bene

222 1756 238 1803 8
257 1754 327 1804 Nune
334 1759 369 1802 est
377 1753 482 1819 reddita]
494 1754 552 1805 Hoc
564 1762 614 1817 est,
622 1754 723 1820 equites
763 1757 872 1801 noverat
884 1747 1033 1808 Plrasidem,
1045 1745 1203 1818 jussitillan
1212 1744 1295 1793 lacer·

190 1830 311 1881 amissum
328 1829 403 1880 bellis
433 1832 552 1883 civilibus
574 1818 723 1900 equestrem
764 1832 804 1880 nis
822 1827 959 1893 purpureis
981 1826 1100 1876 indutum
1114 1825 1173 1874 loco
1192 1821 1295 1883 cedere,

188 1906 313 1957 bonorem
325 1905 430 1957 taudem
440 1918 639 1974 recuperarunt.
766 1916 845 1972 atque
857 1905 890 1955 ad
902 1905 1004 1971 plebem
1016 1903 1133 1952 transire.

705 2076 777 2140 IX.

587 2195 627 2243 ru
645 2194 904 2243 sumuscrrnu.

194 2294 458 2362 Lunnnnaru:
481 2296 540 2362 sed
555 2296 787 2362 incomitatus
802 2297 955 2379 protinus
969 2296 1013 2361 ad
1027 2316 1081 2361 ma

239 2397 375 2463 Venisti
389 2405 534 2481 centnm,
550 2400 764 2484 symmache,
789 2400 979 2484 discipulis.

196 2499 339 2566 Centum
355 2523 408 2566 me
423 2505 559 2586 tetigere
573 2524 694 2570 manns
709 2503 881 2589 Aquilone
895 2504 1023 2587 gelatae.

240 2602 322 2668 Non
336 2604 439 2670 habui
455 2605 593 2687 febrem,
609 2609 823 2694 Symmacho,
837 2627 927 2672 nunc
940 2607 1064 2672 habeo.
1136 2678 1140 2685 ¹

230 2752 420 2804 Fleeeessebnm:
436 2760 463 2805 ot
472 2757 583 2821 subitan
595 2755 743 2823 Symmacho,
751 2774 788 2809 me
799 2734 929 2808 conuenisti
939 2757 1064 2807 comitatus
1072 2762 1164 2808 emtum
1171 2755 1301 2818 discipulis·

197 2818 305 2932 5³qu
310 2833 392 2931 quous
401 2822 492 2882 gelutoe
505 2821 622 2886 Aquilone
633 2839 669 2874 me
680 2829 853 2874 attrectatores
869 2839 916 2872 non
926 2823 1032 2873 tuberoni
1037 2822 1116 2887 febre,
1126 2837 1141 2872 ο
1153 2820 1301 2886 Symmeebe,

305 2900 319 2932 o
333 2901 355 2935 o.

231 3047 246 3093 1
264 3044 442 3097 Beverlandus
455 3061 488 3098 ex
503 3048 614 3113 quodam
626 3049 717 3101 codiee
728 3048 817 3116 affert,
827 3050 955 3101 cominus
965 3047 1071 3100 omnibus
1080 3036 1111 3099 nd
1121 3061 1174 3107 πως
1189 3045 1237 3096 sed
1245 3060 1303 3112 pro·

197 3108 266 3192 fleus
275 3110 442 3162 retinendum
454 3123 555 3164 censet.
698 3180 805 3232 Nom

233 3274 248 3320 1
265 3271 428 3338 Languebnm]
440 3273 562 3325 Nondum
574 3277 649 3342 plane
661 3292 731 3343 ager
771 3293 830 3329 cnm
850 3278 904 3328 suis
926 3276 1085 3328 auditoribus
1107 3275 1178 3325 illum
1197 3271 1305 3324 invisitz

201 3363 283 3412 eram,
306 3351 350 3401 sed
372 3366 414 3401 me
442 3360 543 3404 tantum
572 3354 731 3408 deficiebant
772 3369 830 3404 curn
845 3368 908 3405 vero
919 3369 1006 3405 omnes
1017 3355 1085 3403 illins
1097 3353 1218 3403 arteriam
1227 3364 1306 3403 mane

201 3425 280 3476 vires.
335 3454 338 3463 ·
774 3432 861 3495 gelata
890 3430 1106 3494 exploravissent,
1138 3426 1307 3492 frigidissimo

235 3501 366 3552 aratur
395 3505 499 3568 eentum]
530 3505 613 3559 Poeta
641 3508 734 3560 irridet
774 3509 820 3557 illo
841 3512 944 3556 attactu
964 3506 1064 3557 febrem
1092 3503 1253 3557 contraxisse
1277 3513 1305 3552 se

203 3579 387 3644 Symmachum
398 3582 525 3646 quendam
545 3584 738 3652 modicum,qui
778 3584 860 3635 dicit.
881 3646 885 3651 Ι

399 3875 451 3924 sn
475 3858 673 3945 ancuuuu,
697 3881 745 3930 nn
771 3882 875 3929 rana
900 3878 1121 3929 concinunt.

206 3973 303 4040 Essn
320 3976 479 4069 quidhoc
495 3980 617 4062 dicam,
633 3985 722 4050 vivis
738 3984 830 4068 quod
846 3984 937 4049 fama
953 3989 1105 4066 negatur,

213 4138 215 4143 ,
250 4078 297 4143 Et
312 4100 376 4145 sua
390 4082 482 4165 quod
497 4104 591 4151 rarus
606 4093 752 4172 tempora
767 4088 873 4153 lector
887 4090 1001 4152 amati

166 4274 168 4279 .
242 4229 393 4285 Quiritem
410 4233 496 4299 duem,
512 4240 554 4286 sier
570 4239 697 4291 estimatio
715 4241 844 4303 denegetur
861 4239 1002 4303 simibus,
1021 4243 1044 4289 ei
1064 4231 1195 4302 corporei
1212 4232 1311 4283 onom
