3034 4900
234 390 257 456 2
474 368 478 371 ’
596 418 600 423 ·
649 406 879 481 „aeternna

236 556 354 622 teriam
369 553 485 620 statim
507 549 704 619 exhausisse
727 552 809 618 mihi
827 552 952 619 videor.
997 553 1086 637 Erga
1108 553 1187 619 Tibi
1205 553 1333 619 auxilie

233 659 307 743 jam
321 678 396 723 esse
409 656 525 741 nequit
541 661 656 721 noster
671 652 846 734 Poeta-at
859 655 1078 720 delectationi
1102 675 1178 720 esse
1201 656 1332 740 peterit.

238 761 276 825 Si
302 758 447 844 quande,
470 757 551 823 dum
570 757 716 842 quiescit
739 756 877 839 Europa
899 757 1104 839 benignitate
1127 758 1272 823 Maximi
1286 762 1334 823 tui

237 862 406 939 Parentis,
429 859 483 924 Tu
508 860 638 936 saltem,
662 878 772 923 rernm
793 859 990 924 bellicarum
1014 860 1169 943 imagine,
1192 862 1334 927 venandi
1464 913 1466 917 ,

240 964 371 1028 scilicet
385 962 507 1041 studio,
522 963 556 1026 in
568 968 696 1026 mentes
710 966 745 1025 et
767 960 884 1045 sylvas
899 969 1018 1046 raptas
1033 964 1086 1028 vel
1103 983 1204 1028 unam
1216 965 1334 1029 horam
1384 969 1387 976 '

237 1064 418 1131 donaveris
433 1065 602 1131 Martiali:
1192 1087 1196 1091 ’

368 1166 472 1235 Retia
486 1166 564 1239 dura
579 1169 722 1244 cessant,
733 1166 974 1252 latratoresque
988 1166 1149 1247 molossi3

411 1269 457 1334 Et
471 1289 538 1335 nen
549 1271 685 1337 invento
698 1269 796 1354 sylva
810 1270 953 1355 quiescit
966 1288 1063 1352 apro:

184 1395 191 1407 ⁴
237 1392 300 1438 nec
313 1373 430 1438 horam
440 1379 546 1438 tetam
556 1371 740 1455 perdideris
754 1372 849 1451 forte,
863 1373 1051 1438 oblectatus
1066 1372 1195 1445 salibus
1209 1371 1335 1439 Atticis

238 1473 345 1541 nostri
359 1471 491 1551 Polites,
501 1479 537 1539 et
545 1473 717 1538 hominurn
727 1473 887 1552 moribus,
896 1494 981 1558 ques
990 1473 1148 1540 describit
1158 1473 1336 1556 elegantis·
1369 1490 1379 1505 ·

238 1576 333 1639 sime.
378 1573 460 1640 Hoc
475 1575 505 1641 si
520 1576 705 1659 eontigerit,
718 1577 837 1642 merito
851 1578 1043 1660 gratulabor
1064 1583 1101 1642 et
1124 1577 1287 1657 Martiali,
1302 1585 1337 1643 et

237 1674 330 1738 mihi.
374 1673 474 1755 Vale,
488 1674 746 1755 §tannasara
769 1675 988 1757 Danaeius,
1010 1677 1136 1771 diaqpe
1151 1676 1336 1745 Galliarum

154 1769 170 1845 ,’
238 1776 375 1864 populis
388 1777 473 1844 vive.

305 2098 364 2151 lant.
381 2096 466 2149 Paris.
484 2098 611 2149 Kalendis
624 2099 711 2166 Maiis,

406 2192 438 2232 ra.
449 2192 495 2232 nc.
507 2192 595 2234 mx·
