3034 4900
244 333 287 398 64
384 393 389 403 ,
603 349 641 396 u.
667 348 750 396 vnn.
776 347 983 398 uraurnurs
1011 348 1014 357 ⁴

245 497 324 576 Qua
338 495 518 579 'ibymelen
534 499 678 579 spectas,
695 493 944 578 derisoremque
958 493 1123 569 Latinum,
1319 485 1343 557 5

287 599 353 664 Illa
366 599 473 664 fronte
489 617 606 681 precor
619 598 768 662 earmina
783 604 896 662 nostra
909 598 1014 680 legas

243 702 411 767 Innocuos
426 719 571 764 censura
584 705 697 783 polest
711 698 1029 784 permittere'lusus:

286 805 433 871 Lasciva
447 811 499 868 est
512 804 609 868 nohis
624 803 757 886 pagiua,
771 804 843 868 vita
856 801 965 887 proha
978 807 1039 866 esh
1103 821 1107 829 ’

239 973 342 1038 praehere
352 976 517 1033 argumentum
526 971 639 1023 aureae.
671 973 707 1022 Te
718 988 776 1035 rogo
784 979 813 1023 ut
821 975 886 1035 legor
894 986 974 1021 cerrus
983 975 1075 1020 nostroe
1083 985 1111 1020 ec
1124 970 1190 1018 nullu
1216 985 1245 1018 uo
1254 970 1340 1032 apicis

244 1035 523 1114 Thymelen3eisoceium
533 1037 655 1087 Latinum.
691 1039 796 1089 Censura
804 1043 882 1110 poteri
888 1039 942 1103 pati
951 1035 1152 1098 jocoemnoxioa:
1196 1036 1340 1087 ''milber

239 1119 338 1168 macca,
350 1108 400 1152 urla
409 1115 472 1152 vero
482 1108 586 1165 ratque.

700 1197 880 1219 ‘mm

258 1302 287 1348 ,3
305 1297 461 1346 Beverlendi
474 1298 524 1347 Me.
537 1312 606 1359 mum
618 1297 685 1360 serre
701 1298 874 1361 erlewini-8
890 1298 955 1348 Cum
971 1296 1172 1360 interrogatione
1190 1295 1254 1358 legit
1272 1296 1340 1346 Gru·

241 1369 325 1412 terne:
342 1363 442 1411 haina
458 1366 492 1411 eei
509 1363 575 1411 nolin
590 1359 695 1426 pagiua?
711 1364 813 1427 lepidus
832 1364 898 1412 eninr
916 1362 1029 1422 videtur,
1045 1370 1075 1412 ui
1092 1375 1140 1411 nec
1157 1369 1236 1424 neget
1252 1361 1286 1410 de
1302 1376 1338 1424 ee,

239 1426 658 1544 appengrttlenrlrtperfisetlnterrogatio
675 1434 761 1478 tamen
781 1427 903 1493 displicet
925 1427 1066 1493 Gronovio,
1088 1427 1132 1493 qui
1154 1426 1282 1492 posteriue
1304 1430 1339 1476 ert

733 1591 843 1643 NOTAE

271 1708 286 1752 5
305 1702 359 1758 Quo
378 1701 516 1767 Thymelen]
533 1702 654 1768 Thymele
672 1710 700 1755 et
720 1706 768 1754 Lu·
808 1704 869 1755 huic
888 1705 956 1755 libro
977 1703 1095 1769 praefixa,
1110 1710 1139 1753 et
1155 1701 1218 1752 vitia
1237 1706 1338 1750 tanturn

240 1781 310 1830 tinus
338 1780 409 1829 mimi
434 1787 510 1830 erant
535 1782 683 1832 Domitiano
709 1798 767 1848 pra·
808 1784 925 1848 carpeit3
942 1784 1011 1834 unde
1027 1798 1076 1833 nec
1091 1781 1338 1845 agrarissimoeerr·

203 1858 213 1873 ‘
239 1856 340 1906 tissimi.
373 1858 507 1908 Juveuulis
517 1857 570 1907 Sar.
583 1872 602 1908 1.
619 1859 674 1908 ‘Et
689 1868 768 1911 otre-
807 1876 864 1911 sore
887 1862 1037 1912 Domitiano
1062 1858 1218 1923 reprehendi
1242 1859 1338 1922 potuit.

239 1933 301 1996 pido
311 1933 432 1996 Thymele
444 1935 576 1983 summissa
589 1935 699 1985 Latino!
752 1952 755 1956 ·
807 1938 876 1988 Vide
886 1938 1037 1990 Suetonium
1048 1938 1073 1987 iu
1084 1936 1233 1987 Domitiano
1246 1948 1304 1999 cap.
1313 1940 1337 1985 8.

271 2008 429 2071 lInnocace]
444 2009 568 2059 Persouie
587 2011 656 2060 euir'u
675 2027 768 2076 peper·
841 2019 857 2065 8
878 2016 936 2066 Vile
952 2015 1038 2080 molo]
1057 2015 1129 2078 Lege
1142 2013 1188 2064 lib.
1201 2026 1242 2062 rx.
1259 2013 1336 2078 Epig.

238 2087 276 2136 cit
287 2086 474 2150 noeterPo'eta,
484 2093 512 2136 ut
523 2094 639 2151 peletex
650 2089 769 2155 Epistola
807 2095 849 2143 29.
1237 2118 1240 2122 ’

752 2330 819 2395 VI.

662 2467 713 2518 An
739 2468 915 2518 MARcUM.

237 2570 294 2633 Do
309 2568 371 2632 tibi
387 2569 647 2650 Naumachiam,
662 2577 698 2637 tu
713 2573 776 2637 das
790 2573 1039 2656 Epigrammata
1051 2572 1161 2637 nobis

278 2670 344 2735 Vis
359 2680 442 2755 puto
457 2693 534 2740 curn
549 2674 644 2751 libro,
661 2674 790 2751 Marce,
804 2681 918 2739 natare
934 2677 1004 2744 tuo.

267 2839 375 2887 Exhileo
385 2839 430 2889 libi
439 2841 549 2903 pralium
556 2843 647 2900 nauch,
658 2841 757 2891 iunolh
767 2841 839 2906 offere
853 2841 1049 2906 Epigramma.-
1063 2855 1078 2892 o
1093 2840 1184 2905 Marce,
1192 2845 1220 2890 ut
1230 2838 1335 2890 uhilror

234 2904 301 2966 cupio
310 2920 368 2954 aare
379 2920 431 2953 carn
441 2910 481 2955 tao
492 2905 576 2955 libello.

706 3016 869 3040 ‘neuneu

267 3101 299 3150 Iu
319 3102 410 3153 codice
431 3103 552 3153 Palatino
571 3103 717 3154 inscribitur
737 3105 906 3167 Naumachioe,
928 3104 996 3169 quod
1017 3103 1132 3155 Gruterc
1154 3100 1251 3166 placet.
1293 3102 1333 3151 Ari

234 3167 344 3215 Marcam
360 3168 387 3216 iu
405 3168 459 3216 aliie
477 3177 506 3218 et
523 3168 582 3218 edd.
597 3176 666 3219 veit.
684 3169 888 3220 Mueambertiue
905 3169 1037 3221 Ahbavill.
1053 3168 1144 3218 melius
1162 3166 1275 3216 serrorum
1288 3167 1333 3227 air,

235 3231 317 3279 Caecur
334 3233 457 3283 Martiali.
479 3232 510 3281 In
528 3234 672 3283 nonnullis:
690 3234 740 3284 Sal>
751 3237 879 3285 Personam
898 3235 1049 3295 Gesoriaod
1060 3234 1217 3283 Poimen-1
1236 3233 1278 3280 Do
1289 3230 1334 3279 tihi

232 3298 401 3353 mamutium,
421 3303 448 3346 ia
466 3301 510 3348 dne
531 3305 685 3362 epygrumolo
705 3301 774 3349 nolis
794 3302 867 3353 Jrrnt.
885 3317 927 3351 an.
947 3304 1020 3351 1512.
1053 3299 1093 3348 Dc
1111 3299 1156 3348 tihi
1175 3297 1335 3347 Naumachia

233 3360 317 3410 codex
329 3362 521 3415 Palatinus-2
538 3364 570 3413 In
582 3366 672 3415 eadem
684 3366 757 3417 Junt.
768 3372 853 3417 nature
864 3381 913 3431 pro
923 3372 1016 3416 ociore.

729 3530 754 3581 N
757 3529 837 3581 OTAE

266 3641 278 3685 1
297 3638 336 3686 Do
347 3638 403 3701 tili]
421 3639 568 3690 Introduclt
581 3642 762 3694 Domitianum
801 3644 890 3709 Spect.
908 3644 985 3708 Epig.
997 3647 1038 3692 24.

231 3714 431 3780 respondentem
454 3716 512 3773 eibi,
528 3719 600 3781 quari
621 3719 761 3783 intempee-
833 3724 849 3770 2
870 3721 993 3784 Viepato]
1008 3719 1056 3769 Vis
1066 3717 1109 3768 hic
1119 3716 1201 3781 mergi
1212 3731 1269 3768 curu
1281 3718 1331 3768 tuis

230 3792 285 3840 tire
304 3791 441 3843 obtulisset
457 3794 659 3858 Epigrammata.
692 3797 761 3846 Vide
802 3797 922 3849 versibus
931 3812 990 3849 curn
999 3796 1034 3846 eis
1045 3796 1219 3859 importunus.
1306 3829 1308 3832 v

230 3869 276 3920 lib.
290 3884 318 3920 v.
334 3871 411 3935 Epig.
429 3875 470 3921 54.
499 3873 541 3921 De
552 3873 702 3924 naumachia
713 3873 760 3923 lih.
