3034 4900
268 326 334 394 416
481 375 483 382 ⁴
628 337 667 390 Μ’.
692 343 777 399 vsu.
801 343 1007 418 uunrruurs

762 439 873 537 noum

301 598 314 642 l
335 595 394 649 Quo
411 591 472 655 legis
489 593 570 658 sumo]
587 593 682 658 Legem
699 592 796 645 Juliem
837 594 977 645 seeundum
988 594 1060 657 leges
1072 594 1161 646 nubit:
1178 592 1206 643 in
1223 608 1274 659 quo
1289 596 1367 646 verbo

266 670 294 719 in
305 668 436 718 adulteros
446 670 798 727 revocavitDomilianrrs‚de
838 671 906 721 ludit
926 671 1017 731 Po‘e'ts,
1036 687 1095 721 oum
1114 680 1185 721 metu
1204 672 1270 735 legis
1289 673 1365 723 Jnltae
1411 671 1414 674 ’

268 761 319 811 qua
330 745 465 796 luvenalis
476 745 531 794 Set.
542 759 573 795 11.
584 746 643 809 ‘qui
653 753 713 797 tuno
725 748 797 810 leges
839 748 969 811 nupsisset
991 747 1110 796 adultera
1131 749 1187 797 baec
1204 749 1295 811 Laelia,
1310 764 1365 813 quae

268 820 532 871 revocabatamaras!
560 820 800 885 Laelisergoudul·
839 826 892 889 legi
919 826 1044 875 obsecuta
1078 825 1164 889 aliquo
1194 824 1272 873 modo
1303 839 1367 873 uxor

219 941 223 946 .
268 909 326 949 tera
337 898 434 950 Quinto
451 899 549 947 moecho
561 900 659 962 nupsit,
677 914 710 948 ne
725 900 799 963 puni·
840 903 958 965 legitima
968 901 1050 952 rideri
1061 908 1174 966 poterat.
1194 902 1264 965 Lege
1275 901 1321 952 lib.
1331 916 1366 951 rr.

269 979 350 1025 tetur.
384 973 512 1037 Legitima
534 988 599 1023 rixor
621 974 718 1026 dicitur
741 991 799 1041 que
841 977 950 1041 Eptga.

733 1178 911 1245 LXXVI.

706 1316 757 1364 sn
773 1315 933 1364 omnum.

272 1422 463 1488 Puorsoru
478 1426 560 1506 poto
577 1418 791 1485 Mithridates
806 1437 900 1503 saepe
916 1438 1059 1497 veneno,

315 1526 446 1590 Toxica
459 1545 503 1590 ne
512 1531 655 1609 possent
668 1540 760 1587 saeva
775 1539 896 1585 nocere
913 1521 989 1585 sibi.

270 1625 323 1693 Tu
339 1648 474 1712 quoquo
490 1626 611 1691 cavisti
627 1622 795 1690 coeuando
809 1629 876 1687 tam
892 1624 979 1687 male
993 1641 1134 1707 semper,

320 1731 354 1795 N
356 1752 375 1794 e
389 1731 508 1814 posses
524 1745 681 1810 unquam,
698 1725 816 1803 Cinna,
830 1725 936 1809 perire
953 1724 1051 1791 fame.
1123 1753 1125 1760 2

263 1861 267 1866 ι
304 1892 372 1956 Soepe
382 1892 557 1941 buudoommo
566 1894 700 1939 contemtus
710 1894 745 1938 est
757 1889 922 1946 Mithridates,
931 1904 960 1938 ne
971 1890 1136 1939 uimsssrsdele
1145 1893 1224 1953 posset
1239 1887 1370 1938 obessesibi

268 1957 400 2083 aretium,
411 1972 426 2007 o
445 1957 532 2013 Cinna,
542 1957 651 2006 ooeuuudo
667 1969 756 2019 semper
771 1959 821 2004 tam
840 1956 910 2019 mule,
918 1954 1046 2042 prodidisti
1056 1971 1085 2004 ue
1094 1970 1175 2040 posses
1184 1969 1289 2018 uuqeom
1296 1951 1372 2002 semri

734 2098 912 2119 OQM

198 2212 201 2217 ·
251 2167 254 2174 ’
305 2190 319 2235 1
336 2149 445 2247 l'roseoit
455 2187 502 2235 loto
514 2200 547 2236 ex
558 2183 649 2234 codiee
660 2182 812 2233 Florentino
821 2180 1084 2232 citstBererlandus.

769 2313 879 2365 NOTAE

305 2414 446 2477 lProfeeil
465 2414 532 2481 poto]
548 2413 651 2465 Plinius
668 2412 715 2466 lib.
737 2426 805 2465 xxv.
846 2412 927 2464 otium
949 2427 1043 2464 nornen
1070 2411 1127 2476 ejus
1153 2410 1262 2461 retinet.
1303 2410 1373 2460 Illius

273 2507 330 2561 cap.
343 2496 367 2543 2.
402 2491 475 2541 ‘Uni
493 2492 518 2541 ei
535 2488 710 2558 (Mithridati)
728 2504 807 2539 exeo·
846 2489 978 2539 inventum
997 2493 1132 2538 autument
1151 2484 1301 2550 sanguinem
1318 2501 1374 2536 ans·

273 2569 383 2634 gitatum
412 2569 529 2634 quotidie
557 2581 683 2617 venenum
705 2565 806 2628 bibere,
847 2573 902 2615 tum
921 2565 1090 2615 Ponticarum
1117 2564 1228 2614 miseere
1248 2563 1377 2625 antidotis,

274 2645 420 2709 praesumtis
433 2645 562 2706 remediis,
580 2641 806 2693 utoousuetudiue
847 2641 967 2706 quoniam
991 2655 1090 2690 veneno
1111 2630 1249 2690 viverent!
1287 2642 1330 2689 De
1346 2653 1375 2688 eo

273 2723 331 2786 ipsa
342 2723 473 2774 innoxium
486 2722 571 2772 fieret.
603 2721 692 2770 Primo
700 2723 823 2791 iuventa.
847 2717 903 2780 agit
913 2718 992 2766 etiam
1004 2716 1104 2767 Gellius
1115 2715 1161 2767 lib.
1172 2729 1243 2766 xvir.
1255 2730 1313 2782 cap.
1324 2720 1361 2765 lo.

275 2813 370 2863 genera
398 2799 518 2864 antidoti,
547 2814 580 2851 ex
609 2798 701 2864 quibus
727 2812 805 2847 uuum

727 2991 926 3058 LXXVII.
1026 2994 1028 2999 ’

672 3128 725 3176 ΑΒ
749 3127 979 3178 MARULLUM.

279 3229 502 3295 Nurrrruu
516 3231 603 3295 belle
617 3230 754 3323 quidam
766 3231 907 3307 dixisse,
923 3230 1076 3310 Marullo,

321 3330 391 3411 Qui
406 3338 438 3397 te
453 3331 536 3396 ferre
551 3333 662 3397 oleum
676 3332 767 3397 dixit
781 3335 815 3398 in
830 3333 1028 3398 auriculam.

276 3497 467 3612 ιιιἑιῖηΜαηιῑὶι,
476 3499 572 3563 quidam
589 3499 694 3560 refertur
703 3501 780 3564 lepide
789 3499 888 3563 dimissu
898 3499 940 3563 qui
949 3500 1013 3550 dixit
1024 3504 1048 3550 te
1063 3499 1179 3550 instillare
1188 3501 1264 3552 oleum
1275 3502 1302 3552 in
1318 3501 1378 3552 oum·
1487 3490 1488 3515 ³

741 3643 912 3665 ΜΝΜΗΙ

311 3724 352 3774 Ad
362 3726 508 3793 Pedom'jium
519 3727 667 3777 inscribitur
678 3728 704 3776 in
715 3727 807 3777 codice
819 3726 1028 3776 Florentino-²
1046 3725 1096 3782 Qui
1107 3731 1130 3775 te
1135 3726 1277 3787 ferreoleus
1285 3729 1380 3778 Berer·

279 3790 350 3837 laudi
361 3792 413 3840 Ms.
431 3793 519 3855 ‘Lege
531 3794 603 3843 luleus
619 3795 661 3843 vel
670 3794 755 3856 potius
767 3794 833 3855 tolet,
845 3792 915 3855 quod
928 3792 989 3839 nibil
1000 3790 1069 3840 uliud
1081 3799 1123 3841 est
1133 3806 1209 3856 quam
1220 3791 1333 3842 fuuoium
1344 3793 1381 3841 in·
1487 3790 1488 3793 ’

254 3876 262 3889 ¹
280 3850 420 3907 flammatio
429 3863 457 3906 et
468 3863 561 3908 tumor.
594 3858 633 3932 Ut
642 3858 711 3908 enim
722 3856 761 3907 illi
772 3857 816 3922 qui
831 3858 890 3907 tolss
899 3855 998 3906 hebent
1013 3857 1040 3905 in
1059 3855 1189 3920 fauoibus,
1204 3872 1257 3908 non
1273 3862 1381 3922 possunt
1487 3850 1488 3879 l

776 3988 801 4040 N
805 3988 883 4040 OTAE

241 4107 245 4114 ·
313 4083 515 4148 bQuiteferre]
532 4084 809 4149 Assentatorssenim,
853 4092 905 4136 tur.
937 4052 991 4136 Alii
1014 4087 1091 4137 aliter
1109 4086 1242 4149 explicent
1257 4087 1307 4136 lroo
1325 4086 1382 4136 eds·

282 4157 343 4206 dum
366 4161 554 4221 potentioribus
581 4161 759 4225 blandiuntur,
784 4165 812 4212 in
853 4163 931 4226 glum,
950 4169 980 4212 et
1000 4162 1100 4228 legunt,
1113 4163 1281 4229 ⁴isrrrurr'osla,
1303 4169 1335 4212 ut
1350 4163 1382 4210 sit

283 4247 372 4287 eorum
382 4252 457 4289 aures
475 4239 559 4293 oleum
575 4238 712 4290 infundere
724 4240 812 4293 uden-
852 4255 961 4291 sensus:
979 4240 1121 4290 Marullum
1139 4238 1222 4302 rigide
1241 4244 1270 4288 et
1292 4237 1380 4302 supin·
