3034 4900
209 308 252 376 10
571 326 608 375 u.
632 325 717 376 var..
742 296 952 378 enarratas
995 364 999 369 .

208 468 273 535 snb
288 467 388 535 titrrlo
401 467 445 534 de
460 472 556 536 statu
577 469 746 535 hominum
768 469 917 547 refertur,
940 487 1009 553 qua
1030 487 1146 560 omnes
1160 488 1234 551 eos,
1247 471 1309 557 qni

207 570 244 635 in
258 571 338 636 mbe
353 569 511 638 Romana
528 574 652 649 essent,
676 571 769 636 cives
790 591 868 637 esse
889 572 1017 652 volnit3
1038 576 1109 637 tum
1123 592 1184 658 pro
1198 573 1311 659 cujus·

207 688 352 758 cumque
366 672 504 743 arbitrio
518 672 655 738 nomina
664 681 788 752 sumta,
801 677 860 738 aut
872 672 1154 739 nobilissimarum
1163 674 1309 742 familia·

206 793 291 855 rum,
305 772 467 860 quaejam
488 774 690 855 defecerant,
706 782 767 843 aut
780 796 869 844 nova
886 777 1089 860 excogitata,
1111 783 1224 843 vetere
1246 798 1308 845 vo-

205 876 307 942 candi
320 876 571 957 consuetudine,
586 897 663 963 quae
679 878 780 947 adea
793 899 900 965 nsque
921 885 1074 965 tempora
1087 898 1207 964 parum
1220 887 1309 947 certe

206 979 333 1045 violata
346 978 595 1064 perduraverat,
613 979 775 1064 paulatim
789 986 910 1065 postea
922 980 1067 1046 labante.
1109 978 1201 1060 Quae
1222 1002 1310 1067 prae·

205 1079 312 1165 cipua
321 1099 429 1147 causa
442 1081 506 1148 fuit
519 1079 629 1168 (quod
649 1089 807 1168 portento
830 1081 940 1171 simile
951 1080 1031 1166 est)
1046 1086 1089 1149 ut
1107 1090 1192 1168 post
1206 1082 1310 1150 Gara·

207 1182 288 1250 caui
309 1190 470 1270 tempora,
499 1185 588 1251 intra
613 1186 839 1271 paucissimos
866 1205 972 1253 annos
996 1186 1114 1252 horum
1140 1187 1311 1253 nominum
1347 1244 1353 1249 .

206 1304 300 1365 usus,
309 1282 479 1371 per'mille
491 1308 600 1355 annos
613 1297 846 1369 conservatus,
863 1290 999 1355 omuino
1013 1288 1211 1373 dissipatus,
1227 1297 1263 1356 et
1274 1290 1313 1356 iu

205 1405 298 1454 nova
326 1388 498 1455 vocabula
520 1390 785 1458 transformatus.
829 1391 923 1458 Nam
947 1390 1044 1458 nulla
1065 1390 1230 1476 deinceps
1251 1411 1312 1458 no·

205 1488 319 1569 minis,
340 1491 575 1575 praenominis,
604 1493 659 1560 vel
690 1495 899 1578 cognominis
926 1493 1103 1561 distinctio
1129 1495 1312 1560 observata

115 1622 119 1632 ·
205 1596 272 1670 est,
295 1591 357 1657 aed
377 1594 491 1660 omnia
503 1594 539 1659 in
551 1594 776 1663 foedissimam
790 1597 975 1664 barbariem
989 1616 1091 1664 versa
1100 1597 1312 1682 antiquitatis
1388 1630 1391 1637 ·

206 1693 435 1778 cognitionem
451 1697 542 1762 omni
562 1718 607 1764 ex
628 1706 724 1784 parte
744 1699 968 1784 perdiderunt
1013 1701 1104 1768 Haec
1126 1700 1313 1768 Panvinins

141 1812 145 1819 ¹
205 1795 248 1860 de
262 1796 410 1882 antiquis
423 1800 613 1865 nominibus
629 1801 868 1867 Romanorum.
911 1800 1060 1869 Consule
1079 1809 1114 1870 et
1132 1802 1311 1886 sigonium

204 1902 241 1963 et
258 1897 412 1965 Ursinum
428 1900 469 1966 de
482 1903 677 1968 nominibus
697 1909 734 1970 et
753 1904 893 1970 familiis
915 1904 1154 1992 Romanorum,
1168 1900 1312 1971 Volate-

205 2018 323 2069 rauum
337 2001 540 2088 Anthropol.
582 2005 775 2071 Martialem
788 2005 961 2094 (quamvis
975 2013 1011 2071 et
1023 2006 1087 2073 hoc
1100 2004 1313 2091 Romanum)

207 2122 230 2169 a
244 2106 444 2188 parentibus
464 2107 673 2192 indigitatum
695 2110 769 2174 sive
791 2129 814 2174 a
836 2109 917 2174 Kal.
938 2108 1085 2188 Martiis,
1099 2108 1233 2192 ouibus
1258 2115 1312 2174 est

204 2203 328 2291 editus,
344 2208 418 2274 sive
431 2211 595 2295 majorum
608 2213 772 2278 arbitratu
786 2212 830 2276 ob
843 2210 970 2277 Martis
984 2210 1114 2276 cultum
1134 2217 1168 2278 et
1183 2230 1311 2284 memo·

206 2306 292 2372 riam
305 2328 438 2378 censeo.
482 2312 656 2381 Martiales
678 2335 779 2401 porro
801 2321 917 2381 nostro
939 2312 1051 2399 poitee
1073 2312 1144 2379 fere
1157 2313 1310 2399 aquales

205 2410 320 2493 plures.
332 2413 410 2499 lego
425 2415 516 2502 apud
535 2419 728 2505 scriptores.
773 2418 838 2486 Est
860 2417 953 2506 apud
976 2415 1209 2503 Lampridium
1223 2415 1311 2485 Gar·

203 2513 305 2595 gilius
319 2515 499 2600 Martialis,
512 2522 619 2606 paulo
633 2531 744 2591 tamen
756 2527 873 2589 nostro
886 2520 1044 2587 Martiale
1058 2520 1174 2586 minor.
1211 2513 1311 2588 cae

205 2614 279 2683 brat
292 2617 433 2687 Tacitus
453 2621 648 2690 Cornelium
669 2624 863 2691 Martialem
882 2623 1132 2709 primipilarem.
1175 2623 1311 2689 laudat
1417 2662 1420 2666 <

201 2723 317 2784 noster
328 2719 498 2789 Martialis
509 2724 643 2804 lulium
657 2725 1068 2811 Martialem-familiarem
1078 2745 1189 2791 suum.
1211 2725 1311 2791 Vixit

203 2818 320 2885 eedem
333 2821 403 2888 fere
416 2844 493 2891 sevo
509 2826 545 2893 S.
561 2826 740 2908 Martialis,
752 2827 931 2894 Gallorum
946 2827 1172 2914 Mystagogus
1187 2828 1309 2894 lemo-

205 2920 353 2989 vicensis
377 2925 548 3007 Pontifex,
576 2930 712 3014 scriptis
736 2932 882 3015 primum
902 2932 975 2997 suis
994 2931 1207 3009 nobilitatus,
1234 2929 1310 2995 dein

205 3024 309 3092 etiam
335 3030 495 3113 sanguine
516 3052 580 3117 pro
607 3031 734 3100 Christi
761 3035 898 3101 nomine
927 3033 1066 3120 profuso
1090 3037 1309 3119 purpuratus

206 3125 323 3194 Notus
338 3136 391 3197 est
405 3139 441 3197 et
453 3132 512 3199 ille
527 3133 699 3224 Martialis
712 3138 808 3223 apud
822 3138 1052 3203 Herodianum
1064 3135 1124 3201 lib.
1133 3151 1184 3198 ιν.
1207 3132 1311 3201 Cara·

205 3230 286 3295 calli
298 3252 486 3316 percussor.
528 3237 583 3304 De
603 3238 773 3307 Kalendis
795 3239 932 3308 Martiis
952 3236 1064 3325 poetae
1085 3237 1250 3305 natalitiis
1262 3237 1310 3302 ita

204 3344 249 3396 x.
262 3330 318 3398 24.
340 3333 513 3403 Martialis
526 3339 601 3424 ipse
616 3342 726 3408 canit:
1039 3423 1050 3440 .
1259 3383 1262 3392 =

377 3436 522 3506 Natales
536 3442 618 3508 milri
632 3443 771 3513 Martiae
784 3444 965 3523 Kalendae,

379 3538 457 3605 Inrx
470 3541 643 3612 formosior
657 3548 814 3614 omnibus
832 3545 1008 3613 Kalendis

202 3644 241 3705 et
253 3637 311 3705 lib.
326 3640 515 3730 eodemep.
527 3648 582 3715 92.

332 3773 333 3776 ¹
377 3746 521 3814 Martem
533 3769 685 3816 mearam
694 3750 882 3836 principem
897 3748 1135 3815 Kalendarum

248 3843 387 3931 Coquns
408 3850 503 3916 audit
521 3852 614 3935 apud
636 3852 871 3939 Lampridium
891 3853 926 3917 in
948 3850 1143 3917 Alexandro
1163 3850 1308 3917 Severo:

204 3951 266 4014 ‘ut
291 3948 458 4018 Martialis
483 3953 593 4040 Caci)
608 3957 737 4040 iuquit,
758 3955 993 4040 ‘epigramma
1015 3953 1193 4037 significat,
1215 3952 1307 4038 quod

204 4056 323 4117 ooutra
338 4054 506 4139 quandam
522 4054 667 4123 Gelliam
681 4057 822 4143 scripsit
829 4056 1042 4145 hujusmodi:
1057 4055 1145 4124 Cum
1158 4057 1309 4141 leporem

203 4151 332 4220 mittia’
372 4155 530 4242 (loquum
543 4158 627 4225 item
642 4161 792 4246 appellat
804 4160 957 4229 loannes
972 4159 1230 4228 sarisberiensis
1249 4158 1308 4224 lia
